=LDR  01134aam a2200265   4500
=001  15131
=005  20250925143302.0
=008  111025s2001\\\\\\\\\\\\\\\\\\\\\\0bfre\d
=020  \\$a9789728462215
=041  \\$afre
=245  \\$aEmmanuel Nunes :$bCompositeur portugais (XXe siècle)
=260  \\$aParis$bCentre Culturel Calouste Gulbenkian$c2001
=300  \\$a203 pages
=600  \0$aNunes, Emmanuel$d1941-2012$1http://www.wikidata.org/entity/Q965853$918516
=648  \0$a20th Century (1901-2000)$1http://www.wikidata.org/entity/Q6927$920936
=648  \0$a21st Century (2001-2100)$1http://www.wikidata.org/entity/Q6939$920812
=650  \0$aComposer$1http://www.wikidata.org/entity/Q36834$93625
=650  \0$aBiography$1http://www.wikidata.org/entity/Q36279$91927
=651  \0$aPortugal$1http://www.wikidata.org/entity/Q45$9136
=700  \\$4aut$aBorel, Hélène$917085
=700  \\$4aut$aBioteau, Alain$917086
=700  \\$4aut$aDaubresse, Eric$917087
=942  \\$cBOO
=952  \\$00$10$2ddc$40$6BIO_NUNE_D$70$8BIO$915123$aORPH$bORPH$cKTS1_P$d2022-10-06$g12.00$oBIO NUNE d$p20129760$r2021-01-12 00:00:00$w2021-01-12$yBOO
=999  \\$d15131

