=LDR  01074aam a2200181   4500
=001  15134
=005  20230123102315.0
=008  120111s2003\\\\\\\\\\\\\\\\\\\\\\0\e
=020  \\$a0192804618
=041  \\$aeng
=100  \\$aEvans, Dylan$4aut$917089
=245  \\$aEmotions: A very short introduction
=260  \\$aOxford$bOxford university press$c2003
=300  \\$a140
=520  \\$aWas love invented by European poets in the Middle Ages or is it part of human nature? Will winning the lottery really make you happy? Is it possible to build robots that have feelings? These are just some of the intriguing questions explored in this guide to the latest thinking about the emotions. Drawing on a wide range of scientific research, from anthropology and psychology to neuroscience and artificial intelligence, Emotion: The Science of Sentiment takes the reader on a fascinating journey into the human heart.
=942  \\$cBOO
=952  \\$00$10$2ddc$40$6PHI_EVAN_A$70$8PHI$915126$aORPH$bORPH$cKM12_3_2$d2021-08-09$oPHI EVAN a$p20133267$r2021-01-12 00:00:00$w2021-01-12$yBOO
=999  \\$c15134$d15134

