=LDR  00646aam a2200169   4500
=001  15138
=005  20250120120345.0
=008  150521s1930\\\\\\\\\\\\\\\\\\\\\\0\n
=041  \\$adut
=100  \\$4aut$aAugustine of Hippo$d354-430$1http://www.wikidata.org/entity/Q8018$95891
=100  \\$4Editor$aBloemen, Carel$917092
=245  \\$aEnchiridion: Handleiding voor Laurentius over de deugden van geloof, hoop en liefde
=260  \\$aRoermond$bRomen & Zonen$c1930
=300  \\$a171
=942  \\$cBOO
=952  \\$00$10$2ddc$40$6PHI_AUGU_A$70$8PHI$915130$aORPH$bORPH$cKM12_3_2$d2021-08-09$oPHI AUGU a$p20133393$r2021-01-12 00:00:00$w2021-01-12$yBOO
=999  \\$c15138$d15138

