=LDR  02261aam a2200181   4500
=001  15139
=005  20230123102315.0
=008  180327s1997\\\\\\\\\\\\\\\\\\\\\\0\e
=020  \\$a096565690X
=041  \\$ae
=100  \\$aBlackburn, Philip$4aut$917093
=245  \\$aEnclosure 3: Harry Partch
=260  \\$aMinnesota$bAmerican composers forum$c1997
=300  \\$a524
=520  \\$aWinner of a 1998 Deems Taylor Special Citation. Written, compiled and produced by Philip Blackburn. Second pressing.

A full-length portrait of an unconventional life, Enclosure Three (ISBN: 0-9656569-0-X) is a luxury limited-edition 528-page, lavishly-illustrated, hardcover art-, bio-, scrapbook of Partch. It is the first biography of one of America's most original and influential artists told through over 1,000 facsimile documents in his own words: 330+ photos; essays; sketches; scores; correspondence with Anaïs Nin, W. B. Yeats, Edmund Dulac, John Cage, Lou Harrison, Martha Graham, Alwin Nikolais, Bruce Goff, Kenneth Anger, and Ben Johnston. 

Partch's life touched many of the central characters in American twentieth century art, literature, theater, architecture, film, dance and music. For Partch fans and neophytes alike, Enclosure Three contains essential source material for all those interested in unusual lives, Depression-era Americana, cultural history and creative educational approaches. 

Contents: (include the following satires, writings, and commentaries by Partch himself) 
A Modern Parable 1 and 2 
The Umbilical Chord Still Vibrates
On G-String Formality
KPFA lecture series
Manual on the Maintenance and Repair of  and the Musical and Attitudinal Techniques for  Some Putative Musical Instruments
Some Old and New Thoughts After and Before The Bewitched
Drawings from Bitter Music and End Littoral
Bach and Temperament
The Kithara
Barstow
Musicians as Artists
No Barriers
The Ancient Magic
A Somewhat Spoof
Toward a Ritual Music Consciousness
Verbal Scenarios for Cry From Another Darkness (Delusion of the Fury), The Dreamer That Remains, The Bewitched, and other incomplete works
=942  \\$cBOO
=952  \\$00$10$2ddc$40$6BIO_PART_E$70$8BIO$915131$aORPH$bORPH$cKTS1_P$d2021-10-19$oBIO PART e$p20130674$r2021-01-12 00:00:00$w2021-01-12$yBOO
=999  \\$c15139$d15139

