=LDR  02695aam a2200241   4500
=001  15141
=005  20251001162234.0
=008  120622s1998\\\\\\\\\\\\\\\\\\\\\\0\eng
=020  \\$a9780195113075
=041  \\$aeng
=100  \\$aKelly, Michael$d1762-1826$4edt$1http://www.wikidata.org/entity/Q980702$911971
=245  \\$aEncyclopedia of Aesthetics
=260  \\$aOxford$bOxford University Press$c1998
=300  \\$a4 vols. (521+555+536+572 pages)
=520  \\$aThe Encyclopedia of Aesthetics is the most substantial English-language reference work devoted solely to the exploration of this subject. Featuring more than 600 articles by more than 500 globally recognized art historians, philosophers, and theorists, this encyclopedia provides coverage of historical accounts and critical discussions on the subject. While aesthetics is often thought of as a Western tradition beginning in the 18th century, the roots of an interdisciplinary critical approach to art and culture run far deeper  from the Classical era through the Renaissance and up to the present day. From Plato to Heidegger, Romanticism to Post-Modernism, Beauty to Ugliness, this authoritative source provides an even representation of the wide range of competing ideas in the field today. This encyclopedia surveys the full breadth of critical thought on art, culture, and society; it is a comprehensive survey of major concepts, thinkers, and debates about the meaning, uses, and value of all the arts  from painting and sculpture to literature, music, theater, dance, television, film, and popular culture. Of special interest are in-depth surveys of Western aesthetics and broad coverage of non-Western traditions and theories of art. The full text of this reference work is available and searchable within Oxford Art Online, and is cross-searchable with other resources
=650  \0$aAesthetics$1http://www.wikidata.org/entity/Q35986$921494
=942  \\$cBOO
=952  \\$00$10$2ddc$3Vol. 1: ABHI-DEPI$40$6REF_1_000000000000000$70$8REF$915133$aORPH$bORPH$cKM12_1$d2021-08-31$oREF1$p20134068$r2021-01-12 00:00:00$w2021-01-12$yBOO
=952  \\$00$10$2ddc$3Vol. 2: DERR-JAPA $40$6REF_1_000000000000000$70$8REF$915134$aORPH$bORPH$cKM12_1$d2021-08-31$oREF1$p20134069$r2021-01-12 00:00:00$w2021-01-12$yBOO
=952  \\$00$10$2ddc$3Vol. 3: JAZZ-PLAY $40$6REF_1_000000000000000$70$8REF$915135$aORPH$bORPH$cKM12_1$d2021-08-31$oREF1$p20134066$r2021-01-12 00:00:00$w2021-01-12$yBOO
=952  \\$00$10$2ddc$3Vol. 4: PLEA-ZHUA$40$6REF_1_000000000000000$70$8REF$915136$aORPH$bORPH$cKM12_1$d2021-08-31$oREF1$p20134067$r2021-01-12 00:00:00$w2021-01-12$yBOO
=999  \\$c15141$d15141
=650  \0$aEncyclopedia$1http://www.wikidata.org/entity/Q5292$92184

