=LDR  01147aam a2200205   4500
=001  15145
=008  120125s1996\\\\\\\a\\\\\\\\\\\\\\0\eng\d
=020  \\$a9780815325826
=100  \\$4edt$aPalmieri, Robert$917096
=245  \\$aEncyclopedia of the Piano
=260  \\$aNew York$bGarland Publishing$c1996
=300  \\$a521 pages
=520  \\$aThis comprehensive highly illustrated volume traces the evolution of this popular instrument and includes information on the fortepiano, player piano, electonic piano, and synthesizer. The over 600 articles cover such topics as artisans, composers, events, companies, instrument construction, culture and history, research discoveries, and future trends.
=648  \0$1http://www.wikidata.org/entity/Q192630$aPast$922196
=650  \0$1http://www.wikidata.org/entity/Q5994$aPiano$92127
=650  \0$1http://www.wikidata.org/entity/Q901207$aKeyboard$923503
=650  \0$1http://www.wikidata.org/entity/Q846047$aMusic history$921373
=942  \\$cBOO
=952  \\$00$10$2ddc$40$6INS_3_000000000000000_3A$70$8INS$915137$aORPH$bORPH$cKTS0$d2023-09-22$l0$oINS3.3a$p20130467$r2021-01-12 00:00:00$w2021-01-12$yBOO
=999  \\$d15145

