=LDR  00633aam a2200181   4500
=001  15146
=005  20230123102316.0
=008  140613s2010\\\\\\\\\\\\\\\\\\\\\\0\e
=020  \\$a9780815306153
=041  \\$aeng
=100  \\$aMacey, Samuel$4aut$917097
=245  \\$aEncyclopedia of time
=260  \\$aLondon/New York$bRoutledge$c2010
=300  \\$a699
=520  \\$aFirst Published in 1994. Routledge is an imprint of Taylor & Francis, an informa company.
=942  \\$cBOO
=952  \\$00$10$2ddc$40$6PHI_MACE_A$70$8PHI$915138$aORPH$bORPH$cKM12_3_2$d2021-08-02$g168.88$oPHI MACE a$p20132831$r2021-01-12 00:00:00$w2021-01-12$yBOO
=999  \\$c15146$d15146

