=LDR  01191aam a2200181   4500
=001  15148
=005  20250120120100.0
=008  121211s1995\\\\\\\\\\\\\\\\\\\\\\0\d
=020  \\$a3406385435
=041  \\$ager
=100  \\$aBelting, Hans$4aut$917100
=245  \\$aDas ende der kunstgeschichte: Eine revision nach zehn jahren
=260  \\$aMünchen$bC.H. Beck$c1995
=300  \\$a231
=520  \\$aLöst sich die Kunstgeschichte unter dem Ansturm neuer Bildmedien in eine universelle Bildwissenschaft auf? So lautet eine oft gestellte Frage. In der inzwischen modisch gewordenen Diskussion um die Methoden der Kunstgeschichte ist Hans Beltings Essay "Das Ende der Kunstgeschichte" längst ein Klassiker. Er hat nicht nur entscheidend zum Verständnis der aktuellen Kunstentwicklung beigetragen, sondern zugleich die Einsicht in die Notwendigkeit einer radikal erweiterten Kunstwissenschaft jenseits von Eurozentrismus und Kolonialismus gestiftet. Der erfolgreiche Band wird hier, mit einem Nachwort versehen, erneut vorgelegt

=942  \\$cBOO
=952  \\$00$10$2ddc$40$6VIS_BELT$70$8VIS$915140$aORPH$bORPH$cKTS1_H$d2022-09-20$l0$oVIS BELT$p20112449$r2021-01-12 00:00:00$w2021-01-12$yBOO
=999  \\$c15148$d15148

