=LDR  01933aam a2200181   4500
=001  15151
=005  20250120120100.0
=008  120419s2006\\\\\\\\\\\\\\\\\\\\\\0\e
=020  \\$a9780571227402
=041  \\$aeng
=100  \\$aMuldoon, Paul$4aut$917103
=245  \\$aThe End of the Poem: Oxford lectures on poetry
=260  \\$aNew York$bFaber & Faber$c2006
=300  \\$a406
=520  \\$aIn The End of the Poem, Paul Muldoon, "the most significant English-language poet born since the Second World War" (The Times Literary Supplement), presents engaging, rigorous, and insightful explorations of a diverse group of poems, from Yeats's "All Souls' Night" to Stevie Smith's "I Remember" to Fernando Pessoa's "Autopsychography." Here Muldoon reminds us that the word "poem" comes, via French, from the Latin and Greek: "a thing made or created." He asks: Can a poem ever be a freestanding, discrete structure, or must it always interface with the whole of its author's bibliography--and biography? Muldoon explores the boundlessness, the illimitability, created by influence, what Robert Frost meant when he insisted that "the way to read a poem in prose or verse is in the light of all the other poems ever written." And he writes of the boundaries or borders between writer and reader and the extent to which one determines the role of the other.

At the end, Muldoon returns to the most fruitful, and fraught, aspect of the phrase "the end of the poem": the interpretation that centers on the "aim" or "function" of a poem, and the question of whether or not the end of the poem is the beginning of criticism. Irreverent, deeply learned, often funny, and always stimulating, The End of the Poem is a vigorous and accessible approach to looking at poetry anew.



=942  \\$cBOO
=952  \\$00$10$2ddc$40$6LIT_MULD_A$70$8LIT$915143$aORPH$bORPH$cKM12_2_H$d2021-08-30$oLIT MULD a$p20131327$r2021-01-12 00:00:00$w2021-01-12$yBOO
=999  \\$c15151$d15151

