=LDR  01170aam a2200181   4500
=001  15152
=005  20250120120100.0
=008  120309s1993\\\\\\\\\\\\\\\\\\\\\\0\d
=020  \\$a9783518286951
=041  \\$ager
=100  \\$aWellmer, Albrecht$4aut$917104
=245  \\$aEndspiele: Die unversöhnliche Moderne: Essays und Vorträge.
=260  \\$aFrankfurt am Main$bSuhrkamp taschenbuch wissenschaft$c1993
=300  \\$a332
=520  \\$aDie Idee einer postmetaphysischen Moderne ist das gemeinsame Thema der in diesem Band enthaltenen Arbeiten Albrecht Wellmers aus den letzten fünfzehn Jahren. Die geschichtlichen Utopien in der Marxschen Tradition sind ebenso wie die Letztbegründungsprogramme in der Kantischen Tradition Endspiele innerhalb der Metaphysik, die Dekonstruktionen dieser Utopien und Letztbegründungsprogramme sind Endspiele mit der Metaphysik. Und das Spiel mit dem Ende als einem letzten Telos - der Geschichte, der Erkenntnis, des menschlichen Lebens - ist die Metaphysik
=942  \\$cBOO
=952  \\$00$10$2ddc$40$6PHI_WELL_A$70$8PHI$915144$aORPH$bORPH$cKM12_3_2$d2021-08-09$g24.00$oPHI WELL a$p20133370$r2021-01-12 00:00:00$w2021-01-12$yBOO
=999  \\$c15152$d15152

