=LDR  01959aam a2200229   4500
=001  15154
=005  20250120120239.0
=008  190708s1985\\\\\\\\\\\\\\\\\\\\\\0\fre
=020  \\$a2852031566
=041  \\$afre
=100  \\$aCerquiglini, Jacqueline$4aut$917106
=245  \\$a"Un engin si soutil":$bGuillaume de Machaut et l'écriture au XIVe siècle
=260  \\$aParis$bChampion$c1985
=300  \\$a276 pages
=520  \\$aLe tournant du moyen âge que sont les années 1300 voit naître la réflexion théorique sur une littérature française en plein essor. La pratique littéraire, bien établie depuis Chrétien de Troyes au moins puis le Roman de la Rose, s'accompagne désormais d'un examen des pouvoirs de l'écriture, du statut de l'écrivain. Une telle recherche, qui concerne toutes les littératures en langue maternelle - que l'on songe à Dante - est européenne. L'ouvrage étudie ce mouvement en France à travers l'exemple d'un des auteurs les plus conscients et les plus superbement doués de son époque : Guillaume de Machaut, poète et musicien. Analysant les théories de la forme et du sujet faillé que Guillaume met en Suvre dans un texte fort intrigant : le Voir Dit (dit de la vérité, vrai dit), l'ouvrage pose la question de ce que représente l'écriture en français pour le clerc du XIVe siècle. L'écriture est art du détour, de la ruse, subtilité. Se trouve ainsi éclairé un moment capital de la réflexion sur le signe et ses pratiques.
=600  \0$aMachaut, Guillaume de$dc. 1300-1377$1http://www.wikidata.org/entity/Q200580$917669
=648  \0$aMiddle Ages (500-1400)$1http://www.wikidata.org/entity/Q12554$920964
=650  \0$aLiterature$1http://www.wikidata.org/entity/Q8242$94439
=651  \0$aFrance$1http://www.wikidata.org/entity/Q142$9131
=942  \\$cBOO
=952  \\$00$10$2ddc$40$6BIO_MACH_E$70$8BIO$915146$aORPH$bORPH$cKTS1_P$d2022-01-10$oBIO MACH e$p20129848$r2021-01-12 00:00:00$w2021-01-12$yBOO
=999  \\$d15154

