=LDR  00737aam a2200193   4500
=001  15165
=005  20250821124556.0
=008  130916s1927\\\\sp\a\\\\\\\\\\\\\\0\spa\d
=041  \\$aspa
=100  \\$aCastro, Maria Rosa de$4aut$917118
=245  \\$aEnseñanzas de un gran maestro. Vicente Scaramuzza
=260  \\$aOlazabal$bEdiciones Ossorio$c1927
=300  \\$a63 pages
=600  \0$aScaramuzza, Vicente$926555
=650  \0$1http://www.wikidata.org/entity/Q5994$aPiano$92127
=650  \0$1http://www.wikidata.org/entity/Q2250960$aMethod$921402
=942  \\$cBOO
=952  \\$00$10$2ddc$40$6INS_3_000000000000000_3C_SCAR$70$8INS$915157$aORPH$bORPH$cKTS0$d2023-10-03$g35.00$l0$oINS3.3c SCAR$p20129866$r2021-01-12 00:00:00$w2021-01-12$yBOO
=999  \\$d15165

