=LDR  02364aam a2200193   4500
=001  15169
=005  20250120120101.0
=008  120411s1992\\\\\\\\\\\\\\\\\\\\\\0\f
=020  \\$a9782080812629
=041  \\$afre
=100  \\$4Auteur$aPrigogine, Ilya$917124
=100  \\$4Auteur$aStengers, Isabelle$916610
=245  \\$aEntre le temps et l'éternité
=260  \\$aParis$bFlammarion$c1992
=300  \\$a222
=520  \\$aUne énigme marque la physique depuis Galilée. Pourquoi cette science a-telle, dès l'origine, fait le choix de l'éternité contre le temps du devenir ? Pourquoi, de la dynamique classique aux sciences de notre siècle -la relativité et la mécanique quantique-a-t-elle répété la plus paradoxale des négations, celle de la flèche du temps, qui traduit pourtant la solidarité de notre expérience avec le monde où nous vivons? 
La question du temps a créé une tension sans cesse renaissante entre l'idée d'un monde régi par des lois intemporelles et déterministes et l'expérience humaine, mémoire du passé, ouverture de l'avenir. Elle a également opposé la physique aux autres sciences, et les lois « fondamentales » aux descriptions phénoménologiques qui, elles, traduisent la flèche du temps. 

Mais aujourd'hui se dessine une cohérence nouvelle qui ouvre la physique aux interrogations du devenir, à l'émergence du nouveau qu'elle avait niée. La question du temps, un et multiple, articule notre besoin de construire une conception plus unifiée du monde avec la multiplicité des regards que ce monde exige de nous. 

Entre le temps et l'éternité explore ce renouvellement du savoir, depuis le monde des processus dissipatifs, où l'ordre émerge du chaos, jusqu'à la mécanique quantique et la cosmologie. Au terme de cette exploration, la flèche du temps s'inscrit à tous les niveaux, du plus simple des objets quantiques l'atome d'hydrogène - à l'Univers lui-même, né d'une formidable explosion entropique. Cette exploration est aussi la découverte d'une science créatrice de significations, délivrée de l'utopie d'un savoir infini, science qui s'affirme oeuvre humaine, située elle-même entre le temps et l'éternité. 


=942  \\$cBOO
=952  \\$00$10$2ddc$40$6PHI_PRIG_A$70$8PHI$915161$aORPH$bORPH$cKM12_3_2$d2021-08-04$oPHI PRIG a$p20133025$r2021-01-12 00:00:00$w2021-01-12$yBOO
=999  \\$c15169$d15169

