=LDR  01657aam a2200181   4500
=001  15170
=005  20251009081720.0
=008  180221s2013\\\\\\\\\\\\\\\\\\\\\\0\es
=020  \\$a9789872809690
=041  \\$aes
=100  \\$4edt$aCragnolini, Monica B.$917125
=245  \\$aEntre Nietzsche y Derrida: vida, muerte, sobrevida
=260  \\$aBuenos Aires$bEdiciones la cebra$c2013
=300  \\$a378
=520  \\$aLa vida, como el ser, se dice de muchas maneras. Desde Nietzsche y Derrida, los artículos de este volumen giran en torno a modos diversos de vida, que siempre son, al mismo tiempo, modos de la muerte y la sobrevida, si vivimos, como señala Derrida entre la vida y la muerte.
Entre Nietzsche y Derrida, con Nietzsche y con Derrida, se piensan en todos estos textos las cuestiones que de alguna manera han dado nacimiento a la filosofía (la vida, la muerte) desde perspectivas contemporáneas. Entre la vida y la muerte, Nietzsche y Derrida también nos hacen patente, desde la presencia de su pensamiento en la actualidad de lo que pensamos, las cuestiones de la sobrevida.

Textos de: 
Sandro Barbera, Giuliano Campioni, Kathia Hanza, Diego Sánchez Meca, Sergio Sánchez, Jorge Panesi, Analía Gerbaudo, Marcelo Percia, Ana Paula Penchaszadeh, Gabriela Balcarce, Virginia Cano, Cristina Ambrosini, Esther Díaz, Julián Ferreyra, Axel Cherniavsky, Noelia Billi, Paula Fleisner, Lucía Piossek Prebisch, Guadalupe Lucero, Rafael Haddock-Lobo, Mónica B. Cragnolini
=942  \\$cBOO
=952  \\$00$10$2ddc$40$6PHI_NIET_B_CRAG$70$8PHI$915162$aORPH$bORPH$cKM12_3_2$d2021-08-10$oPHI NIET b CRAG$p20133506$r2021-01-12 00:00:00$w2021-01-12$yBOO
=999  \\$c15170$d15170

