=LDR  01889aam a2200181   4500
=001  15174
=005  20250120120101.0
=008  130318s1999\\\\\\\\\\\\\\\\\\\\\\0\eng
=020  \\$a9780674258945
=041  \\$aeng
=100  \\$aCetina, Karin Knorr$4aut$917129
=245  \\$aEpistemic Cultures:$bHow the Sciences Make Knowledge
=260  \\$aCambridge, MA$bHarvard University Press$c1999
=300  \\$a329 pages
=520  \\$aHow does science create knowledge? Epistemic cultures, shaped by affinity, necessity, and historical coincidence, determine how we know what we know. In this book, Karin Knorr Cetina compares two of the most important and intriguing epistemic cultures of our day, those in high energy physics and molecular biology. Her work highlights the diversity of these cultures of knowing and, in its depiction of their differences--in the meaning of the empirical, the enactment of object relations, and the fashioning of social relations--challenges the accepted view of a unified science.

By many accounts, contemporary Western societies are becoming "knowledge societies"--which run on expert processes and expert systems epitomized by science and structured into all areas of social life. By looking at epistemic cultures in two sample cases, this book addresses pressing questions about how such expert systems and processes work, what principles inform their cognitive and procedural orientations, and whether their organization, structures, and operations can be extended to other forms of social order.

The first ethnographic study to systematically compare two different scientific laboratory cultures, this book sharpens our focus on epistemic cultures as the basis of the knowledge society.
=942  \\$cBOO
=952  \\$00$10$2ddc$40$6PHI_CETI_A$70$8PHI$915166$aORPH$bORPH$cKM12_3_2$d2021-08-09$g24.65$oPHI CETI a$p20133411$r2021-01-12 00:00:00$w2021-01-12$yBOO
=999  \\$d15174

