=LDR  02044aam a2200217   4500
=001  15177
=005  20250120120611.0
=008  190211s2018\\\\\\\\\\\\\\\\\\\\\\0\eng
=020  \\$a9781350011786
=041  \\$aeng
=100  \\$aMalaspina, Cecile$4aut$917131
=245  \\$aAn Epistemology of Noise
=260  \\$aLondon$bBloomsbury$c2018
=300  \\$a234 pages
=520  \\$aWhat do we understand 'noise' to be? The term 'noise' no longer suggests only aesthetic judgement, as in acoustic or visual noise, and is now relevant to domains as varied as communication theory, physics and biology. This trans-disciplinary usage leads to confusion and complication, and reveals that the question of noise is a properly philosophical problem. 

Presenting an analysis of the rising interest in the notion of noise, this book investigates if there can be a coherent understanding of what it is, that can be effectively shared among the natural and human sciences, technology and the arts. Drawing the philosophical consequences of noise for the theory of knowledge, Malaspina undertakes a philosophical revaluation of Shannon and Weaver's theory of 'information entropy'; this forms the basis upon which to challenge the common idea that noise can be reduced to notions of error, disorder or disorganization. The wider consequences of this analysis relate the technological and scientific aspect of noise, with its cultural and psycho-social aspects. At the heart of Malaspina's argument is the contestation of the ground upon which we judge and distinguish noise from information and finally the exploration of its emancipatory potential.
=648  \0$a21st Century (2001-2100)$1http://www.wikidata.org/entity/Q6939$920812
=650  \0$aPhilosophy$1http://www.wikidata.org/entity/Q5891$92357
=650  \0$aNoise$1http://www.wikidata.org/entity/Q179448$924644
=942  \\$cBOO
=952  \\$00$10$2ddc$40$6PHI_MALA_A$70$8PHI$915169$aORPH$bORPH$cKM12_3_2$d2019-02-08$g95.20$l1$m1$oPHI MALA a$p20132252$r2024-03-20 00:00:00$s2021-03-10$w2021-01-12$yBOO
=999  \\$d15177

