=LDR  00568aam a2200157   4500
=001  15180
=005  20250120120101.0
=008  170214s1960\\\\\\\\\\\\\\\\\\\\\\0\d
=041  \\$ager
=100  \\$4aut$aSchneeberger, Guido$917133
=245  \\$aErgänzungen zu einer Heidegger-Biographie: mit vier Beilagen und einer Bildtafel
=260  \\$aBern$bBuchdruckerei AG Suhr$c1960
=300  \\$a27
=942  \\$cBOO
=952  \\$00$10$2ddc$40$6PHI_HIEID_B_SCHN$70$8PHI$915172$aORPH$bORPH$cKM12_3_2$d2021-08-05$oPHI HIEID b SCHN$p20133117$r2021-01-12 00:00:00$w2021-01-12$yBOO
=999  \\$c15180$d15180

