=LDR  01538aam a2200277   4500
=001  15190
=005  20250925143302.0
=008  140925s1933\\\\\\\co\\\\\\\\\\\\\0bfre\d
=041  \\$afre
=100  \\$aCurzon, Henri de$d1861-1942$4aut$1http://www.wikidata.org/entity/Q18197525$910352
=245  \\$aErnest Van Dijck 1961-1923 : $bune gloire belge de l'art lyrique
=260  \\$aBrussels$bLibrairie nationale d'art et d'histoire$c1933
=300  \\$a202 pages$b16 plates
=500  \\$aErnest Van Dyck (1861-1923) was a Belgian dramatic tenor, famous for his interpretations of the Wagnerian repertoire.
=600  \0$avan Dyck, Ernest$d1861-1923$1http://www.wikidata.org/entity/Q3057199$920994
=648  \0$a19th Century (1801-1900)$1http://www.wikidata.org/entity/Q6955$920935
=648  \0$a20th Century (1901-2000)$1http://www.wikidata.org/entity/Q6927$920936
=650  \0$aTenor$1http://www.wikidata.org/entity/Q27914$923513
=650  \0$aBiography$1http://www.wikidata.org/entity/Q36279$91927
=650  \0$aMusic history$1http://www.wikidata.org/entity/Q846047$921373
=650  \0$aOpera$1http://www.wikidata.org/entity/Q1344$92468
=651  \0$aBelgium$1http://www.wikidata.org/entity/Q31$920881
=942  \\$cBOO
=952  \\$00$10$2ddc$40$6BIO_VAND3_B$70$8BIO$915182$aORPH$bORPH$cKTS1_P$l0$oBIO VAND3 b$p20130229$r2021-01-12 00:00:00$w2021-01-12$yBOO
=952  \\$00$10$2ddc$40$6KTS_1_000000000000000_H_07_035$70$8RAR$923599$aORPH$bORPH$cKTS1_H$d2024-09-18$l0$oKTS1 H.07.035$p20143814$r2024-09-18 00:00:00$w2021-01-12$yBOO
=999  \\$d15190

