=LDR  01803aam a2200181   4500
=001  15191
=005  20250120120101.0
=008  180608s2005\\\\\\\\\\\\\\\\\\\\\\0\f
=020  \\$a9782914373159
=041  \\$afre
=100  \\$aHaine, Malou$4aut$917140
=245  \\$aErnest Van Dyck, un ténor à Bayreuth: suivi de la correspondance avec Cosima Wagner
=260  \\$aLyon$bSymétrie$c2005
=300  \\$a266
=520  \\$aLe ténor belge Ernest Van Dyck (1861-1923) est l'un des interprètes wagnériens les plus renommés de son époque. Le 3 mai 1887, lors de la création parisienne de Lohengrin à l'Éden-Théâtre, il chante le rôle-titre et se fait remarquer par les émissaires de Cosima Wagner. Celle-ci auditionne le chanteur et l'engage pour le festival de Bayreuth de 1888. Pendant neuf saisons, Ernest Van Dyck sera l'interprète incomparable de Parsifal, salué par une presse unanime. Les relations entre Ernest Van Dyck et Cosima Wagner n'ont cessé d'évoluer à la manière d'un pendule, de l'admiration la plus vive à la déception la plus cruelle. Elles se déroulent tel un opéra. La correspondance inédite entre Ernest Van Dyck et Cosima Wagner est rassemblée ici pour la première fois. Abondamment illustré de photographies d'époque, cet ouvrage ravira non seulement les wagnériens passionnés, mais aussi un large public qui découvrira les décors et costumes d'époque, ainsi que les artistes qui ont chanté avec Ernest Van Dyck. Trois photo-montages exceptionnels, datant de 1894, illustrent les différentes scènes de chacun des actes de Parsifal, à la manière de nos bandes dessinées modernes.
=942  \\$cBOO
=952  \\$00$10$2ddc$40$6BIO_VAND3_E$70$8BIO$915183$aORPH$bORPH$cKTS1_P$d2021-10-19$oBIO VAND3 e$p20129798$r2021-01-12 00:00:00$w2021-01-12$yBOO
=999  \\$c15191$d15191

