=LDR  02177aam a2200193   4500
=001  15206
=005  20230123102326.0
=008  130419s2011\\\\\\\\\\\\\\\\\\\\\\0\d
=020  \\$a9783835305823
=041  \\$ager
=100  \\$4Editor$aGamper, Michael$917157
=100  \\$4Editor$aBies, Michael$917158
=245  \\$aEs ist ein Laboratorium, ein Laboratorium für Worte: Experiment und Literatur III 1890 - 2010
=260  \\$aGöttingen$bWallstein$c2011
=300  \\$a472
=520  \\$a19 Fallstudien zeigen, wie die Wissenstechnologie des Experiments ab 1890 im Feld zwischen Wissenschaft und Literatur verhandelt und Literatur selbst immer wieder als Medium von Versuchen entworfen wurde.

Auch wenn die Konkurrenz von Wissenschaft und Literatur sich in der Zeit von 1890 bis 2010 weiter verschärft, wird gleichzeitig die Rede von der Literatur als Experiment zunehmend allgegenwärtig. Dabei zeigt sich zum einen, dass Literatur wissenschaftliche Experimentalanordnungen auch unter den Bedingungen von Moderne und Postmoderne thematisiert und reflektiert. Konfrontiert mit der Entstehung von Massenkultur und Neuen Medien wird Literatur zum anderen vermehrt selbst zum Schauplatz eines Experimentierens mit den Bedingungen der eigenen Möglichkeit. Ins Zentrum der literarischen Versuche rücken dabei insbesondere die Kategorien von Erzählen, Sprache und Subjektivität.
Der Band bildet den Abschluss der dreibändigen Literaturgeschichte des Experiments. 

Aus dem Inhalt: 
Susanne Balmer: Der Darwinismus und das Experiment mit dem eigenen Ich in Hedwig Dohms »Christa Ruland«
Marcus Krause: Freuds »Bruchstück einer Hysterie-Analyse«
Ulrich Stadler: Kafkas Experimente
Sven Grampp: Walter Kempowskis Fernsehexperiment »Bloomsday 97«
Johanna Bohley: Peter Weiss »Der Schatten des Körpers des Kutschers«
Jörg Zimmer: Hubert Fichtes »Versuch über die Pubertät«
Thomas Strässle: Oskar Pastiors oulipotisches Übersetzungsexperiment
Bärbel Bohr: Von Max Bense zur digitalen Poesie
=942  \\$cBOO
=952  \\$00$10$2ddc$40$6LIT_GAMP_A$70$8LIT$915199$aORPH$bORPH$cKM12_2_H$d2021-08-30$g25.47$oLIT GAMP a$p20131317$r2021-01-12 00:00:00$w2021-01-12$yBOO
=999  \\$c15206$d15206

