=LDR  00526aam a2200145   4500
=001  15207
=005  20250120120107.0
=008  130418s\\\\\\\\\\\\\\\\\\\\\\\\\\0\\\\
=100  \\$4Editor$aGamper, Michael$917157
=100  \\$4Editor$aWernli, Martina$917159
=100  \\$4Editor$aZimmer, Jörgen$917160
=245  \\$aEs ist nun einmal zum Versuch gekommen: Experiment und Literatur I: 1580-1790
=942  \\$cBOO
=952  \\$00$10$40$70$8COLL_UNK$915200$aORPH$bORPH$cLOC_UNK$d2021-01-12$l0$r2021-01-12 00:00:00$w2021-01-12$yBOO
=999  \\$c15207$d15207

