=LDR  04894aam a2200253   4500
=001  15208
=005  20250121142131.0
=008  130419s2009\\\\\\\\\\\\\\\\\\\\\\0\ger
=020  \\$a9783835304581
=041  \\$ager
=245  \\$aEs ist nun einmal zum Versuch gekommen:$bExperiment und Literatur I. 1580-1790
=260  \\$aGöttingen$bWallstein$c2009
=300  \\$a504 pages
=520  \\$aWie waren literarische Verfahren an der Grundlegung moderner Wissenstechnologie beteiligt und wie bildeten sich eigenständige literarische Experimentalsysteme heraus?

Das Experiment gilt als eines der wichtigsten methodischen Verfahren neuzeitlicher Wissensproduktion. Spätestens seit Ende des 16. Jahrhunderts bildet es eine Form der Erkenntnisgewinnung, die sich einer eigens hierfür »provozierten« Erfahrung verdankt. Durch das Zusammenspiel von definierten Voraussetzungen, künstlichem Eingriff und empirischem Ablauf, an das sich Verfahren der Aufzeichnung, der Ausdeutung und der Distribution anschließen, werden neue Erkenntnisse gewonnen. Damit sind in den Prozess des Experimentierens immer auch rhetorische, narrative und fiktionale Techniken involviert, durch die sich das Experiment zugleich als wissenschaftliches und als literarisches Verfahren erweist. 
Weitere Bände zum Thema »Experiment und Literatur« widmen sich den Jahren 1790-1890 (2010) und 1890-2009 (2011).


Inhaltsverzeichnis

Michael Gamper
Zur Literaturgeschichte des Experiments - eine Einleitung


Die Anfänge: Wissenschaftliche, literarische und philosophische Versuchsanordnungen

Wolfgang Krohn
Francis Bacons literarische Experimente zur Begründung der Experimentalwissenschaft

Hans-Christian von Herrmann
Das Experiment als Scheidekunst. Zur Imprese der Florentiner Accademia del Cimento

Martin Maurach
Tradition und Experiment. Professions- und Kultivierungsmetaphern bei Boccalini, Bacon und Swift

Richard Nate
»Adventurous Attempts«: Zur Topik des Experiments im frühneuzeitlichen England

Wolfgang Müller-Funk
Neugierde und literarisches Selbstexperiment im Essayismus der frühen Neuzeit. Montaigne und die Folgen

Cornelia Wild
Schreibpraxis und Gottesbeweis - Pascals Experimentalsystem

Peter Schnyder
Experimentelle Biographik. Das »Gedankenexperiment« in der Schlusspassage von Leibniz »Theodizee«


Reflexionen über das Experiment in Barock und Frühaufklärung

Misia Sophia Doms
Experiment im Gespräch - Gespräch als Experiment? Diskussionen über die Naturwissenschaften in der barocken Gesprächsliteratur

Maximilian Bergengruen
Die Wahrheit der Illusion. Zur literarischen Mobilisierung von Experienz in Harsdörffers »Erquickstunden« und »Frauenzimmer Gesprächspielen«

Ulrich Stadler
»Den Weg zur richtigen Erkenntnis der Natur bahnen«. Experimente im Umkreis der Royal Society, bei Christian Wolff und bei Calderón

Jörg Kreienbrock
»Merks! Merks!«. Aufmerksamkeit als Medium experimenteller Wahrnehmung bei Barthold Heinrich Brockes

Sebastian Kühn
Experimente im Tagebuch. Serielle Experimentbeschreibungen im 17./18. Jahrhundert


Wissen und Schreiben im Übergang der Disziplinen

Yvonne Wübben
Literarische Versuche als Multiplikatoren des Wissens? Zur Entstehung des Neuen um 1750

Roland Borgards
Affenmenschen/Menschenaffen. Kreuzungsversuche bei Rousseau und Bretonne

Thomas Fries
Wissenschaftliches Denken als Dialog: dAlembert, Diderot und Galiani

Jörg Zimmer
August Ludwig Schlözers »Anti-Basedow«. Textkonstellationen eines Erziehungsexperiments

Michael Gamper
Fiktionen und Experimente. Lichtenberg und die Elektrizität


Autonomisierung literarischer Experimentalsysteme

Benjamin Specht
Der Traum als Laboratorium. Traumerzählungen der Aufklärung zwischen Literatur und Experiment

Gunhild Berg
Johann Gottlob Benjamin Pfeils »Versuch in moralischen Erzählungen« (1757). Ein Experiment der aufklärerischen Literatur

Andreas Seidler
Die experimentelle Struktur von Ch. M. Wielands »Geschichte des Agathon«. Zur Koevolution von Naturwissenschaft und Literatur im 18. Jahrhundert

Christine Weder
Märchen, Magie und Experiment: Eine literarisch-naturwissenschaftliche Konstellation der Aufklärung

Marie-Christin Wilm
Ansätze zu einem literarischen Experimentalsystem bei Jakob Michael Reinhold Lenz
=648  \0$a16th Century (1501-1600)$1http://www.wikidata.org/entity/Q7017$920944
=648  \0$a17th Century (1601-1700)$1http://www.wikidata.org/entity/Q7016$920923
=648  \0$a18th Century (1701-1800)$1http://www.wikidata.org/entity/Q7015$920899
=650  \0$aLiterature$1http://www.wikidata.org/entity/Q8242$94439
=700  \\$4aut$aGamper, Michael$917157
=700  \\$4aut$aWernli, Martina$917159
=700  \\$4aut$aZimmer, Jörgen$917160
=942  \\$cBOO
=952  \\$00$10$2ddc$40$6LIT_GAMP_A$70$8LIT$915201$aORPH$bORPH$cKM12_2_H$d2021-08-30$g29.12$oLIT GAMP a$p20131319$r2021-01-12 00:00:00$w2021-01-12$yBOO
=999  \\$d15208

