=LDR  01172aam a2200193   4500
=001  15209
=005  20250120120107.0
=008  140305s1998\\\\\\\\\\\\\\\\\\\\\\0\f
=020  \\$a9782738465931
=041  \\$afre
=100  \\$aChouvel, Jean-Marc$4aut$917161
=245  \\$aL'espace : Musique / philosophie
=260  \\$aParis$bL'Harmattan$c1998
=300  \\$a441 p.
=520  \\$aQu'est-ce que l'espace musical ? Depuis un certain nombre d'années, cette notion est entrée dans le vocabulaire le plus commun : on en parle d'une manière de plus en plus insistante, notamment du fait de l'évolution de la musique du XXème siècle. Les textes réunis dans ce recueil accentuent la polysémie de l'espace musical et témoignent par leur grande diversité, de la fécondité des recherches autour de la notion d'espace musical. Le lecteur devra partir de l'idée qu'il existe plusieurs espèces d'espace et plusieurs manières de s'interroger sur l'espace.
=700  \\$aSolomos, Makis$917162
=942  \\$cBOO
=952  \\$00$10$2ddc$40$70$8AES$915202$aORPH$bORPH$cKM12_1$d2022-01-13$g41.00$l1$m1$p20114468$q2021-09-06$r2021-03-12 00:00:00$s2021-03-12$w2021-01-12$yBOO
=999  \\$c15209$d15209

