=LDR  00680aam a2200181   4500
=001  15210
=005  20250925143302.0
=008  150521s1977\\\\\\\\\\\\\\\\\\\\\\0\dut
=041  \\$adut
=100  \\$4aut$aCorver, Gerard$d1929-2009$917163
=245  \\$aL'esprit de géométrie, L'esprit de finesse
=260  \\$bFilosofenkrant$c1977
=300  \\$a56 pages
=648  \0$a20th Century (1901-2000)$1http://www.wikidata.org/entity/Q6927$920936
=650  \0$aPhilosophy$1http://www.wikidata.org/entity/Q5891$92357
=942  \\$cBOO
=952  \\$00$10$2ddc$40$6PHI_HOEV_B_BEER$70$8PHI$915203$aORPH$bORPH$cKM12_3_2$d2021-08-09$oPHI HOEV b BEER$p20133301$r2021-01-12 00:00:00$w2021-01-12$yBOO
=999  \\$d15210

