=LDR  01202aam a2200265   4500
=001  15213
=005  20250821124556.0
=008  151124s2010\\\\\\\agc\\\\\\\\\\\\0\fre\d
=020  \\$a9782081238121
=041  \\$afre
=100  \\$aChopin, Frédéric$d1810-1849$4aut$1http://www.wikidata.org/entity/Q1268$916495
=245  \\$aEsquisses pour une méthode de piano
=250  \\$a2nd ed.
=260  \\$aParis$bFlammarion$c2010
=300  \\$a144 pages
=490  \\$aHarmoniques
=648  \0$a19th Century (1801-1900)$1http://www.wikidata.org/entity/Q6955$920935
=650  \0$aPiano$1http://www.wikidata.org/entity/Q5994$92127
=650  \0$aMethod$1http://www.wikidata.org/entity/Q2250960$921402
=651  \0$aFrance$1http://www.wikidata.org/entity/Q142$9131
=700  \\$4edt$aEigeldinger, Jean-Jacques$916494
=942  \\$cBOO
=952  \\$00$10$2ddc$40$6INS_3_000000000000000_3C_CHOP$70$8INS$915206$aORPH$bORPH$cKTS0$d2015-11-16$eKoopman$l1$oINS3.3c CHOP$p20115858$r2022-06-08 00:00:00$s2021-03-12$v15.57$w2015-11-16$yBOO
=952  \\$00$10$2ddc$40$6INS_3_000000000000000_3C_CHOP$70$8INS$922972$aORPH$bORPH$cKTS0$d2023-10-03$l0$oINS3.3c CHOP$p20139096$r2023-10-03 00:00:00$v15.57$w2015-11-16$yBOO
=999  \\$d15213

