=LDR  00822aam a2200205   4500
=001  15214
=005  20251003085459.0
=008  161219s1932\\\\fr\a\\\\\\\\\\\\\\0\fre\d
=041  \\$afre
=100  \\$aVannes, René$4aut$917165
=245  \\$aEssai d'un dictionaire universel des luthiers
=260  \\$aParis$bLibrairie Fischbacher$c1932
=300  \\$a430 pages
=520  \\$aDocuments historique, bio-bibliographique, techniques et critiques sur la lutherie
=650  \0$1http://www.wikidata.org/entity/Q23622$aDictionary$921580
=650  \0$1http://www.wikidata.org/entity/Q2352616$aCatalogue$921484
=650  \0$1http://www.wikidata.org/entity/Q8355$aViolin$92783
=942  \\$cBOO
=952  \\$00$10$2ddc$40$6INS_4B$70$8INS$915207$aORPH$bORPH$cKTS0$d2023-10-04$l0$oINS4b$p20131081$r2021-01-12 00:00:00$w2021-01-12$yBOO
=999  \\$d15214

