=LDR  03149aam a2200241   4500
=001  15217
=005  20250120120239.0
=008  190513s\\\\\\\\\\\\\\\\\\\\\\\\\\0\fre
=041  \\$afre
=100  \\$aLanson, Gustave$4aut$917168
=245  \\$aLes essais de Montaigne : $bétude et analyse
=260  \\$aParis$bLibrairie Mellottée$c1930/1965
=300  \\$a384 pages
=490  \\$aLes chefs-d'oeuvre de la littérature expliqués
=520  \\$aLes Essais sont l'Suvre majeure de Michel de Montaigne (1533-1592), à laquelle il consacre un labeur d'écriture et de réécriture à partir de 1572 continué pratiquement jusqu'à sa mort. Il traite de tous les sujets possibles, sans ordre apparent : médecine, livres, affaires domestiques, chevaux, maladien 1 entre autres, auxquels Montaigne mêle des réflexions sur sa propre vie et sur l'Homme, le tout formant « un pêle-mêle où se confondent comme à plaisir les choses importantes et futiles, les côtés vite surannés et léternel. »

Les Essais, véritable essai constamment renouvelé sur son âme, sa vie, ses sensations d'homme, sont cependant devenus un livre universel, « le seul livre au monde de son espèce », un livre unique qui met sous les yeux du lecteur non pas simplement un homme en train de se décrire, mais une vie en train de se faire. Tout ce à quoi s'intéresse leur auteur se résume en effet en une seule question fondamentale : « qu'est-ce que l'homme ? » ou, plus exactement, « que sais-je, moi, Michel Eyquem de Montaigne ? ».

Pour saisir ce qu'est l'Homme, Montaigne, autant observateur curieux que lecteur érudit, cultivant le doute sur les traditions philosophiques ou savantes dogmatiques, le décrit aussi bien dans ses misères que dans ce qu'il a de grand : les Essais dressent le portrait d'un être dans la moyenne, divers, ondoyant, et surtout plus riche que tous les modèles idéaux auxquels on s'efforce de l'identifier. Les Essais sont de ce point de vue à l'opposé de tout système philosophique ; si Montaigne cherche la réalité de la condition humaine, c'est à travers l'observation de ce qu'elle a de plus quotidien, de plus banal  chez lui comme chez les autres. À cela s'ajoute la malice de l'auteur à diminuer ce qu'il écrit : « Toute cette fricassée que je barbouille ici n'est qu'un registre des essais de ma vie. » Toutes les choses de la vie, même les plus humbles, sont dignes d'intérêt à ses yeux ; son plaisir est de mettre au jour une humanité nue et crue en scrutant son propre être intérieur, son « arrière-boutique » selon ses propres mots.
=600  \0$1http://www.wikidata.org/entity/Q41568$aMontaigne, Michel de$d1533-1592$919483
=648  \0$1http://www.wikidata.org/entity/Q7017$a16th Century (1501-1600)$920944
=650  \0$1http://www.wikidata.org/entity/Q8242$aLiterature$94439
=650  \0$1http://www.wikidata.org/entity/Q5891$aPhilosophy$92357
=651  \0$1http://www.wikidata.org/entity/Q142$aFrance$9131
=942  \\$cBOO
=952  \\$00$10$2ddc$40$6PHI_MONT_B_LANS$70$8PHI$915210$aORPH$bORPH$cKM12_3_2$d2021-08-05$oPHI MONT b LANS$p20133160$r2021-01-12 00:00:00$w2021-01-12$yBOO
=999  \\$d15217

