=LDR  01404aam a2200205   4500
=001  15220
=005  20251001162234.0
=008  161206s1911\\\\\\\\\\\\\\\\\\\\\\0\fre
=041  \\$afre
=100  \\$aSéailles, Gabriel$4aut$917171
=245  \\$aEssai sur le génie dans l'art
=260  \\$aParis$bAlcan$c1911
=300  \\$a313 pages
=520  \\$aLe génie n'est pas un monstre. Il n'est jamais qu'une dillerence de degré et non une différence de nature. La pensée con tinne la vie, on peut la définir aussi justement que la vie du corps une u création». Pour comprendre le génie. Il faut étudier cette puis sance créatrice à tous ses degrés et sous toutes ses formes. Distinction de la science et de l'art. Une loi fondamentale de l'esprit: la tendance à organiser tout ce qui pénètre en lui; la renaissance de la sensation dans l'image; le rapport intime de l'image au mouvement qui la réalise tels sont les éléments de l'explication du génie. Utilité de l'étude du génie pour l'esthétique.
=648  \0$1http://www.wikidata.org/entity/Q6927$a20th Century (1901-2000)$920936
=650  \0$1http://www.wikidata.org/entity/Q35986$aAesthetics$921494
=650  \0$1http://www.wikidata.org/entity/Q185030$aGenius$924674
=942  \\$cBOO
=952  \\$00$10$2ddc$40$6PHI_SEAI_A$70$8PHI$915213$aORPH$bORPH$cKM12_3_2$d2021-08-18$oPHI SEAI a$p20133940$r2021-01-12 00:00:00$w2021-01-12$yBOO
=999  \\$d15220

