=LDR  00841aam a2200205   4500
=001  15221
=005  20250925143302.0
=008  121214s1948\\\\\\\\\\\\\\\\\\\\\\0\fre
=041  \\$afre
=100  \\$aBergson, Henri$d1859-1941$4aut$1http://www.wikidata.org/entity/Q42156$917172
=245  \\$aEssai sur les données immédiates de la conscience
=250  \\$a68th ed.
=260  \\$aParis$bPresses Universitaires de France$c1948
=300  \\$a180 pages
=648  \0$a20th Century (1901-2000)$1http://www.wikidata.org/entity/Q6927$920936
=650  \0$aPhenomenology$1http://www.wikidata.org/entity/Q179235$920894
=650  \0$aConsciousness$1http://www.wikidata.org/entity/Q7087$924419
=942  \\$cBOO
=952  \\$00$10$40$70$8COLL_UNK$915214$aORPH$bORPH$cLOC_UNK$d2021-12-22$l1$m1$p20112478$r2022-08-29 00:00:00$s2021-03-10$w2021-01-12$yBOO
=999  \\$d15221

