=LDR  02209aam a2200241   4500
=001  15223
=005  20250120120107.0
=008  150702s1822\\\\\\\\\\\\\\\\\\\\\\0\fre\d
=041  \\$afre
=100  \\$aOrloff, Grégoire$d1777-1826$1http://www.wikidata.org/entity/Q4336663$4aut$917174
=245  \\$aEssai sur l'histoire de la musique en Italie, depuis les temps les plus anciens jusqu'a nos jours$n2/2
=260  \\$aParis$bP. Dufart$c1822
=300  \\$a2 vols. ([iv]-304-[2]+[iv]-400-[2]pages)$bCardboard binding, leather spine, marbled cover and endpapers
=500  \\$aCount Grigori Vladimirovich Orlov, was a Russian senator, engaged in history, political science and literature, and a member of the St Petersburg Academy of Sciences and of the Academy in Naples. Due to his health, he lived abroad for the most part, particularly in Paris, where during the Restoration he made he made friends with the liberal party, whose ideas he wanted to propagate in Russia, but was disgraced for a time by Emperor Alexander. In 1800, he married Countess Anna Ivanovna Saltykova (1777-1824), daughter of Field Marshal Ivan Petrovich Saltykov (1730-1805). The marriage remained childless. The legitimate male Orlov line died out with him. 
=500  \\$aOrlov's Mémoires historiques, politiques et littéraires de Naples (with annotations by Duval, 2nd ed., Paris 1825, 5 vols.) was also published in German (Leipzig 1824). He also wrote: Histoire des arts en Italie (Paris 1822, 4 vols.) and Voyage dans une partie de la France (Paris 1824, 3 vols.). 


=648  \0$a19th Century (1801-1900)$1http://www.wikidata.org/entity/Q6955$920935
=650  \0$aMusic history$1http://www.wikidata.org/entity/Q846047$921373
=651  \0$aItaly$1http://www.wikidata.org/entity/Q38$922
=856  \\$uhttps://archive.org/details/bub_gb_1gJRFM2kX9gC$3vol.1 & 2
=942  \\$cBOO
=952  \\$00$10$2ddc$3vol.1 $40$6KTS_1_000000000000000_H_06_019$70$8RAR$915216$aORPH$bORPH$cKTS1_H$l0$oKTS1 H.06.019$p20146670$r2021-01-12 00:00:00$w2021-01-12$yBOO
=952  \\$00$10$2ddc$3vol.2$40$6KTS_1_000000000000000_H_06_020$70$8RAR$923366$aORPH$bORPH$cKTS1_H$d2024-06-12$l0$oKTS1 H.06.020$p20146671$r2024-06-12 00:00:00$w2021-01-12$yBOO
=999  \\$d15223

