=LDR  01893aam a2200217   4500
=001  15234
=005  20250120120107.0
=008  190509s1988\\\\\\\\\\\\\\\\\\\\\\0\e
=020  \\$a0049200755
=041  \\$aeng
=100  \\$4Author$aRussell, Bertrand$d1872-1970$1http://www.wikidata.org/entity/Q33760$915730
=100  \\$4Editor$aSlater, John G.$917180
=100  \\$4Editor$aFrohmann, Bernd$917181
=245  \\$aEssays on language, mind and matter 1919-26
=260  \\$aLondon$bUnwin Hyman$c1988
=300  \\$a658
=520  \\$aBertrand Arthur William Russell (1872-1970) was a British philosopher, logician, essayist and social critic. He was best known for his work in mathematical logic and analytic philosophy. Together with G.E. Moore, Russell is generally recognized as one of the main founders of modern analytic philosophy. Together with Kurt Gödel, he is regularly credited with being one of the most important logicians of the twentieth century. Over the course of a long career, Russell also made contributions to a broad range of subjects, including the history of ideas, ethics, political and educational theory, and religious studies. General readers have benefited from his many popular writings on a wide variety of topics. After a life marked by controversy--including dismissals from both Trinity College, Cambridge, and City College, New York--Russell was awarded the Order of Merit in 1949 and the Nobel Prize for Literature in 1950. Noted also for his many spirited anti-nuclear protests and for his campaign against western involvement in the Vietnam War, Russell remained a prominent public figure until his death at the age of 97
=490  \\$aThe collected papers of Bertrand Russell$vVolume 9
=942  \\$cBOO
=952  \\$00$10$2ddc$40$6PHI_RUSS_A$70$8PHI$915227$aORPH$bORPH$cKM12_3_2$d2021-08-09$oPHI RUSS a$p20133354$r2021-01-12 00:00:00$w2021-01-12$yBOO
=999  \\$c15234$d15234

