=LDR  00881aam a2200181   4500
=001  15236
=005  20250120120107.0
=008  161205s1956\\\\\\\\\\\\\\\\\\\\\\0\e
=041  \\$aeng
=100  \\$aMannhein, Karl$4aut$917184
=245  \\$aEssays on the sociology of culture
=260  \\$aLondon$bRoutledge & Kegan Paul Books$c1956
=300  \\$a253
=520  \\$aKarl Mannheim was one of the leading sociologists of the twentieth century. Essays on the Sociology of Culture, originally published in 1956, was one of his most important books. In it he sets out his ideas of intellectuals as producers of culture and explores the possibilities of a democratization of culture.
=490  \\$aEssays on sociology$v4
=942  \\$cBOO
=952  \\$00$10$2ddc$40$6PHI_MANN_A$70$8PHI$915229$aORPH$bORPH$cKM12_3_2$d2021-08-02$oPHI MANN a$p20132824$r2021-01-12 00:00:00$w2021-01-12$yBOO
=999  \\$c15236$d15236

