=LDR  02465aam a2200253   4500
=001  15238
=005  20251103124736.0
=008  131210s2013\\\\fr\agd\\\\\\\\\\\\0\fre\d
=041  \\$afre
=245  \\$aL'essor du romantisme: La fantaisie pour clavier. De Carl Philipp Emanual Bach à Franz Liszt
=260  \\$aParis$bVRIN$c2013
=300  \\$a383 pages
=490  \\$aMusicologieS
=520  \\$aLes Fantaisies de Mozart, Chopin et Schumann, la Wandererfantasie de Schubert sont aujourdhui bien connues et font partie du répertoire des virtuoses. Ce nest que linfime partie dune impressionnante production dSuvres pour clavier qui ont pris pour modèle la pratique de limprovisation, capitale au tournant des XVIIIe et XIXe siècles. Ce livre propose de redécouvrir la richesse dun genre en observant non seulement les Suvres les plus célèbres, mais encore des partitions oubliées et pourtant passionnantes.
Au-delà de lhistoire du genre, il sagit ici de percevoir en cinq récits parallèles lessor inexorable dune esthétique qui nourrit la création pendant une centaine dannées. Lesprit de fantaisie et lécriture improvisatrice pénètrent les autres genres, à commencer par les sonates les plus significatives de Haydn, Beethoven et Schubert, et propagent une pensée musicale nouvelle : celle du romantisme.
Ce volume remet en cause nombre didées reçues et présente une relecture de la période trop souvent décrite en une succession de ruptures. Plus que tout autre genre instrumental, la fantaisie, où se sont rencontrées lexpression de la spontanéité et celle de la singularité, a été continûment le lieu délection du génie, paradigme de la création constamment invoqué depuis lépoque de Rousseau jusquà celle de Hoffmann et Victor Hugo.
=600  \0$1http://www.wikidata.org/entity/Q76428$aBach, Carl Philipp Emanuel$d1714-1788$99218
=600  \0$1http://www.wikidata.org/entity/Q41309$aLiszt, Franz$d1811-1886$917400
=648  \0$1http://www.wikidata.org/entity/Q192630$aPast$922196
=650  \0$1http://www.wikidata.org/entity/Q836571$aFantasia$921930
=650  \0$1http://www.wikidata.org/entity/Q1668139$aMusical interpretation$94533
=700  \\$4aut$917185$aBartoli, Jean-Pierre
=700  \\$4aut$917186$aRoudet, Jeanne
=942  \\$cBOO
=952  \\$00$10$2ddc$40$6INS_3_000000000000000_3D_BART$70$8INS$915231$aORPH$bORPH$cKTS0$d2023-09-22$l0$oINS3.3d BART$p20130684$r2021-01-12 00:00:00$w2021-01-12$yBOO$Vamazon.fr
=999  \\$d15238

