=LDR  01947aam a2200229   4500
=001  15239
=005  20250120120140.0
=008  200131s2004\\\\\\\\\\\\\\\\\\\\\\0\mul
=020  \\$a9788888168135
=041  \\$aita$afre
=100  \\$4edt$aSchütze, Sebastian$917187
=245  \\$aEstetica barocca
=260  \\$aRome$bCampisano$c2004
=300  \\$a459 pages
=520  \\$aIl presente volume unisce ventitre saggi, che con ottiche e metodologie diverse, affrontanoil problema del barocco e delle sue convinzioni estetiche dominanti, riflettendo in terminipiù generali e con approccio transdisciplinare sulla nostra concezione del barocco, sulle sueradici e le sue affinità con la cultura odierna. Gli argomenti spaziano dalla storia dell'artealla letteratura, dalla musica al teatro, dalla storia alla scienza, dalla retorica alla teologia,presentando nuove ricerche e materiali inediti importanti, ma sempre nell'intenzioneprimaria di inquadrare "per principio" aspetti portanti dell'estetica barocca, di quel modocosì squisitamente ed enfaticamente originale di percepire, di vedere e interpretare ilmondo. Un'estetica che ha rivolto l'attenzione, con sensibilità e consapevolezzaradicalmente nuove, a tutti gli aspetti della percezione e della rappresentazione, assegnandoun ruolo fondamentalmente "costruttivo" a lettori, spettatori o ascoltatori che siano.Ed è soprattutto in questa prospettiva, di un'estetica della percezione, che la culturabarocca inaugura l'evo moderno.
=648  \0$a17th Century (1601-1700)$1http://www.wikidata.org/entity/Q7016$920923
=650  \0$aBaroque$1http://www.wikidata.org/entity/Q37853$921255
=650  \0$aFine art$1http://www.wikidata.org/entity/Q219625$921579
=650  \0$aArchitecture$1http://www.wikidata.org/entity/Q12271$93185
=942  \\$cBOO
=952  \\$00$10$2ddc$40$6VIS_SCHU$70$8VIS$915232$aORPH$bORPH$cKTS1_H$d2021-08-13$g77.00$oVIS SCHU$p20114077$r2021-01-12 00:00:00$w2021-01-12$yBOO
=999  \\$d15239

