=LDR  00573aam a2200169   4500
=001  15241
=005  20250120120015.0
=008  161205s1944\\\\\\\\\\\\\\\\\\\\\\0\f
=041  \\$afre
=100  \\$aHegel, Georg Wilhelm Friedrich$d1770-1831$4aut$1http://www.wikidata.org/entity/Q9235$915796
=245  \\$aEsthétique
=260  \\$aParis$bAubier$c1944
=300  \\$a293
=490  \\$aPhilosophie de l'esprit
=942  \\$cBOO
=952  \\$00$10$2ddc$40$6PHI_HEGE_A$70$8PHI$915234$aORPH$bORPH$cKM12_3_2$d2021-08-04$oPHI HEGE a$p20132960$r2021-01-12 00:00:00$w2021-01-12$yBOO
=999  \\$c15241$d15241

