=LDR  01345aam a2200205   4500
=001  15250
=005  20250120120304.0
=008  120308s1999\\\\\\\\\\\\\\\\\\\\\\0\n
=020  \\$a9065540059
=041  \\$adut
=100  \\$4Auteur$aAristoteles$d384-322 BC$1http://www.wikidata.org/entity/Q868$94906
=100  \\$4Translator$aPannier, Christine$917208
=100  \\$4Translator$aVerhaeghe, Jean$917209
=245  \\$aEthica: Ethica Nicomachea
=260  \\$aGroningen$bHistorische Uitgeverij$c1999
=300  \\$a358
=520  \\$aDe Ethica Nicomachea (soms ook gespeld als 'Nicomachaea') is één van de werken van de Griekse filosoof Aristoteles. In dit werk lezen we over deugdenethiek, het menselijk karakter en welke rol deze twee spelen bij het vinden van geluk. Het werk bestaat uit tien boeken en neemt een prominente plaats in binnen het oeuvre van Aristoteles. De naam 'Nicomachea' is te herleiden tot diens zoon, Nicomachos. Hij zou het werk, gebaseerd als het was op aantekeningen van zijn vaders lezingen, voor uitgave geschikt hebben gemaakt. Een andere theorie verklaart de naam door Nicomachos eenvoudig aan te wijzen als degene aan wie het werk opgedragen werd
=942  \\$cBOO
=952  \\$00$10$2ddc$40$6PHI_ARIS_A$70$8PHI$915243$aORPH$bORPH$cKM12_3_2$d2021-08-06$oPHI ARIS a$p20133220$r2021-01-12 00:00:00$w2021-01-12$yBOO
=999  \\$c15250$d15250

