=LDR  01272aam a2200205   4500
=001  15252
=005  20250120120015.0
=008  120111s2001\\\\\\\\\\\\\\\\\\\\\\0\eng
=020  \\$a9780192804426
=041  \\$aeng
=100  \\$aBlackburn, Simon$4aut$917211
=245  \\$aEthics:$bA Very Short Introduction
=260  \\$aOxford$bOxford University Press$c2001
=300  \\$a139 pages
=490  \\$aVery Short Introductions$v80
=520  \\$aOur self-image as moral, well-behaved creatures is dogged by scepticism, relativism, hypocrisy, and nihilism, by the fear that in a Godless world science has unmasked us as creatures fated by our genes to be selfish and tribalistic, or competitive and aggressive. In this 'sparklingly clear' (Guardian) introduction to ethics Simon Blackburn tackles the major moral questions surrounding birth, death, happiness, desire and freedom, showing us how we should think about the meaning of life, and how we should mistrust the soundbite-sized absolutes that often dominate moral debates.
=650  \0$aPhilosophy$1http://www.wikidata.org/entity/Q5891$92357
=942  \\$cBOO
=952  \\$00$10$2ddc$40$6PHI_0_000000000000000_BLAC$70$8PHI$915245$aORPH$bORPH$cKM12_3_2$d2021-08-18$oPHI0 BLAC$p20133992$r2021-01-12 00:00:00$w2021-01-12$yBOO
=999  \\$d15252

