=LDR  02794aam a2200253   4500
=001  15254
=005  20250925143302.0
=008  120228s2005\\\\\\\\\\\\\\\\\\\\\\0\dut
=020  \\$a9789074328791
=041  \\$adut$hfre
=100  \\$4aut$aBadiou, Alain$916775
=245  \\$aDe ethiek:$bEssay over het besef van het kwaad
=260  \\$aUtrecht$bIJzer$c2005
=300  \\$a129 pages
=520  \\$aEthische vraagstukken bepalen meer dan ooit de koers van het politieke en wetenschappelijke debat. Alain Badiou vaagt de gemakzuchtige aannames weg die achter deze ethische trend schuilgaan. Hij hekelt de verschijningsvormen van de ?ethische ideologie?: de doctrine van de mensenrechten, de ?humanitaire inmenging?, het slachtofferisme, het cultureel relativisme. Hij betoogt met kracht van argumenten dat een ethiek die uitgaat van een universeel Subject en een evident Kwaad een weerzinwekkende vorm van ?westerse? zelfingenomenheid legitimeert.

Behalve een pamflet tegen de heersende ethische doctrine is De ethiek ook een schets van een alternatieve opvatting van het ethische ? een ethiek van ?trouw? aan ?waarheden? (in politiek, kunst, wetenschap of liefde). Badiou pleit voor een bijzondere vorm van universalisme, die vasthoudt aan de idee van het Goede als horizon van de oordeelsvorming en zich verzet tegen het nihilisme van het absolute Kwaad. Het Kwaad ? als terreur, verraad of rampzaligheid ? kan volgens hem alleen vanuit het streven naar het Goede worden bepaald. 

L'éthique is een aanstekelijke denkoefening waarin filosofische vindingrijkheid en politiek engagement elkaar voortdurend aanjagen. Badious werk komt als geroepen om de filosofie te bevrijden uit de impasse van het postmoderne anything goes en om antwoorden te helpen vinden op de politieke vragen van onze tijd. 


?Tegenover de heersende mode van anti- en post-filosofieën, staat De ethiek voor de terugkeer naar een complete filosofie, die met donderend geweld inslaat in het moeras van postmodernistische sofismen en platitudes... Een boek dat zich verzet tegen het diepste wezen van politiek-correcte, ?radicale? intellectuelen, dat de basis van hun levenswijze ondermijnt!? Slavoj Zizek. 

?Eén van de krachtigste stemmen in de hedendaagse Franse filosofie? Peter Hallward 

=534  \\$aOriginally published in 1993
=648  \0$a20th Century (1901-2000)$1http://www.wikidata.org/entity/Q6927$920936
=650  \0$aPhilosophy$1http://www.wikidata.org/entity/Q5891$92357
=651  \0$aFrance$1http://www.wikidata.org/entity/Q142$9131
=700  \\$4trl$aHofstede, Rokus$917213
=765  \\$aL'Éthique, essai sur la conscience du mal
=942  \\$cBOO
=952  \\$00$10$2ddc$40$6PHI_BADI_A$70$8PHI$915247$aORPH$bORPH$cKM12_3_2$d2021-08-11$oPHI BADI a$p20133567$r2021-01-12 00:00:00$w2021-01-12$yBOO
=999  \\$d15254

