=LDR  01381aam a2200181   4500
=001  15255
=005  20250120120108.0
=008  150429s1999\\\\\\\\\\\\\\\\\\\\\\0\e
=020  \\$a0761952667
=041  \\$aeng
=100  \\$aCoffey, Amanda$4aut$917214
=245  \\$aThe ethnographic self: Fieldwork and the representation of identity
=260  \\$aLondon$bSage$c1999
=300  \\$a180
=520  \\$aWhat are the relationships between the self and fieldwork? How do personal, emotional and identity issues impact upon working in the field?
This book argues that ethnographers, and others involved in fieldwork, should be aware of how fieldwork research and ethnographic writing construct, reproduce and implicate selves, relationships and personal identities. All too often research methods texts remain relatively silent about the ways in which fieldwork affects us and we affect the field. The book attempts to synthesize accounts of the personal experience of ethnography. In doing so, the author makes sense of the process of fieldwork research as a set of practical, intellectual and emotional accomplishments. The book is thematically arranged, and illustrated with a wide range of empirical material.
=942  \\$cBOO
=952  \\$00$10$2ddc$40$6PHI_COFF_A$70$8PHI$915248$aORPH$bORPH$cKM12_3_2$d2021-08-11$g33.00$oPHI COFF a$p20133615$r2021-01-12 00:00:00$w2021-01-12$yBOO
=999  \\$c15255$d15255

