=LDR  02078aam a2200229   4500
=001  15257
=005  20250120120245.0
=008  180131s2004\\\\\\\\\\\\\\\\\\\\\\0\eng
=020  \\$a9780674013971
=041  \\$aeng
=100  \\$aRath, Eric C.$4aut$917216
=245  \\$aThe Ethos of Noh:$bActors and Their Art
=260  \\$aCambridge, MA$bHarvard University Press$c2004
=300  \\$a314 pages
=520  \\$aSince the inception of the noh drama six centuries ago, actors have resisted the notion that noh rests on natural talent alone. Correct performance, they claim, demands adherence to traditions. Yet what constitutes nohs traditions and who can claim authority over them have been in dispute throughout its history. This book traces how definitions of noh, both as an art and as a profession, have changed over time. The author seeks to show that the definition of noh as an art is inseparable from its definition as a profession.

The aim of this book is to describe how memories of the past become traditions, as well as the role of these traditions in the institutional development of the noh theater from its beginnings in the fourteenth century through the late twentieth century. It focuses on the development of the key traditions that constitute the "ethos of noh," the ideology that empowered certain groups of actors at the expense of others, and how this ethos fostered nohs professionalization--its growth from a loose occupation into a closed, regulated vocation. The author argues that the traditions that form the ethos of noh, such as those surrounding masks and manuscripts, are the key traits that define it as an art.
=650  \0$aTheater history$1http://www.wikidata.org/entity/Q1061140$94607
=650  \0$aActor$1http://www.wikidata.org/entity/Q33999$93442
=650  \0$aActing$1http://www.wikidata.org/entity/Q222749$92807
=651  \0$aJapan$1http://www.wikidata.org/entity/Q17$921369
=942  \\$cBOO
=952  \\$00$10$2ddc$40$6TOP_JP$70$8TOP$915250$aORPH$bORPH$cKTS0$d2022-01-05$g41.00$oTOP JP$p20125993$r2021-01-12 00:00:00$w2021-01-12$yBOO
=999  \\$d15257

