=LDR  00756aam a2200181   4500
=001  15259
=005  20250120120051.0
=008  120222s1988\\\\\\\\\\\\\\\\\\\\\\0\fre
=020  \\$a9782020098625
=041  \\$afre
=100  \\$aBadiou, Alain$4aut$916775
=245  \\$aL'Être et l'événement
=260  \\$aParis$bSeuil$c1988
=300  \\$a560 pages
=520  \\$a"Logiques des mondes, auquel Alain Badiou travaille depuis une quinzaine d'années, est conçu comme une suite de son précédent "grand" livre de philosophie, L'être et l'évènement, paru aux Editions du Seuil en 1988".
=942  \\$cBOO
=952  \\$00$10$2ddc$40$6PHI_BADI_A$70$8PHI$915252$aORPH$bORPH$cKM12_3_2$d2021-08-11$g43.00$oPHI BADI a$p20133566$r2021-01-12 00:00:00$w2021-01-12$yBOO
=999  \\$d15259

