=LDR  01175aam a2200229   4500
=001  15261
=005  20250120120001.0
=008  170306s1964\\\\\\\\\\\\\\\\\\\\\\0\fre
=041  \\$afre
=100  \\$aBragard, Anne-Marie$4aut$917218
=245  \\$aEtude bio-bibliographique sur Philippe Verdelot, musicien français de la renaissance
=260  \\$aBrussels$bPaleis der Academiën$c1964
=300  \\$a194 pages
=490  \\$aKoninklijke Academie van België: klasse der schone kunsten$vBoek XI
=600  \0$aVerdelot, Philippe$d1470-1552$1http://www.wikidata.org/entity/Q714219$915239
=648  \0$aRenaissance (1400-1600)$1http://www.wikidata.org/entity/Q4692$920965
=648  \0$a16th Century (1501-1600)$1http://www.wikidata.org/entity/Q7017$920944
=942  \\$cBOO
=952  \\$00$10$2ddc$40$6BIO_VERD1_D$70$8BIO$915254$aORPH$bORPH$cKTS1_P$eKoopman$i43C28$l0$oBIO VERD1 d$p20127179$r2021-01-12 00:00:00$w2021-01-12$yBOO
=952  \\$00$10$2ddc$40$6BIO_VERD1_D$70$8BIO$926590$aORPH$bORPH$cKTS1_P$d2025-03-25$eKoopman$i23C05$l0$oBIO VERD1 d$p20128587$r2021-01-12 00:00:00$w2021-01-12$yBOO
=999  \\$c15261$d15261
=650  \0$aMusic history$1http://www.wikidata.org/entity/Q846047$921373

