=LDR  00551aam a2200157   4500
=001  15263
=005  20250120120108.0
=008  150521s1943\\\\\\\\\\\\\\\\\\\\\\0\f
=041  \\$afre
=100  \\$aWolff, Edgar Maurice$4aut$917221
=245  \\$aEtude du role de l'imagination dans la connaissance chez Kant
=260  \\$aCarcassonne$bBonnafous et fils$c1943
=300  \\$a190
=942  \\$cBOO
=952  \\$00$10$2ddc$40$6PHI_KANT_B_WOLF$70$8PHI$915256$aORPH$bORPH$cKM12_3_2$d2021-08-05$oPHI KANT b WOLF$p20133146$r2021-01-12 00:00:00$w2021-01-12$yBOO
=999  \\$c15263$d15263

