=LDR  00873aam a2200193   4500
=001  15266
=005  20250120120119.0
=008  190514s1941\\\\\\\\\\\\\\\\\\\\\\0\fre
=041  \\$afre
=100  \\$aVan den Borren, Charles$d1874-1966$4aut$1http://www.wikidata.org/entity/Q1066297$917675
=245  \\$aÉtudes sur le XVe siècle musical : $bla fin gothique et les débuts de l'école néerlandaise
=260  \\$aAntwerp$bNederlandsche Boekhandel$c1941
=300  \\$a290 pages
=648  \0$aMiddle Ages (500-1400)$1http://www.wikidata.org/entity/Q12554$920964
=650  \0$aMusic history$1http://www.wikidata.org/entity/Q846047$921373
=651  \0$aBelgium$1http://www.wikidata.org/entity/Q31$920881
=942  \\$cBOO
=952  \\$00$10$2ddc$40$6GHM_3_000000000000000$70$8GHM$915259$aORPH$bORPH$cKM12_1$d2021-11-19$oGHM3$p20134927$r2021-01-12 00:00:00$w2021-01-12$yBOO
=999  \\$c15266$d15266

