=LDR  00559aam a2200157   4500
=001  15276
=005  20230123102337.0
=008  130513s2001\\\\\\\\\\\\\\\\\\\\\\0\dut
=041  \\$adut
=100  \\$4aut$aVanoverschelde, Gilbert$917233
=245  \\$aEuropese subsidies: Kansen voor Nederland en Vlaanderen
=260  \\$aLeuven$bKatholieke Universiteit Leuven$c2001
=300  \\$a78 pages
=942  \\$cBOO
=952  \\$00$10$2ddc$40$6REF_2_000000000000000_VANO$70$8REF$915270$aORPH$bORPH$cKM12_1$d2021-08-24$oREF2 VANO$p20131181$r2021-01-12 00:00:00$w2021-01-12$yBOO
=999  \\$d15276

