=LDR  01526aam a2200217   4500
=001  15277
=005  20250120120109.0
=008  191030s2019\\\\\\\\\\\\\\\\\\\\\\0\e/f
=020  \\$a9782913661929
=041  \\$aeng$afre
=245  \\$aEvaluating artistic research - L'évaluation de la recherche artistique
=260  \\$aParis$bEditions l'oeuil d'or$c2019
=300  \\$a163-179 pages
=520  \\$a
When the main conservatoires of music, art schools and universities of the arts joined the European higher education area twenty years ago, the question of how to evaluate artistic research immediately arose. On the initiative of the Haute école de musique de Genève, this book offers a reflection on the ways in which research results and procedures are assessed in the worlds of art. It brings together contributions from various players in the academic world concerned with the evaluation of artistic research: institutional managers, teacher-researchers, project promoters and practitioners. (Translated with DeepL.com)
=650  \0$aArtistic research$1http://www.wikidata.org/entity/Q20827087$921804
=700  \\$4edt$aCampos, Rémy$915885
=700  \\$4edt$aPoidevin, Aurélien$917234
=942  \\$cBOO
=952  \\$00$10$2ddc$40$6MTP_3_000000000000000_CAMP$70$8MTP$915271$aORPH$bORPH$cKM12_1$l0$oMTP3 CAMP$p20134374$r2021-01-12 00:00:00$w2021-01-12$yBOO
=952  \\$00$10$2ddc$40$6MTP_3_000000000000000_CAMP$70$8MTP$923500$aORPH$bORPH$cKM12_1$d2024-07-09$l0$oMTP3 CAMP$p20143676$r2024-07-09 00:00:00$w2021-01-12$yBOO
=999  \\$d15277

