=LDR  01349aam a2200229   4500
=001  15280
=005  20250120120514.0
=008  150707s2006\\\\\\\\\\\\\\\\\\\\\\0\fre\d
=020  \\$a9782296006713
=041  \\$afre
=100  \\$aJanet, Pierre$4aut$917238
=245  \\$aL'Evolution de la mémoire et la notion du temps :$bleçons au collège de France 1927-1928
=260  \\$aParis$bL'Harmattan$c2006
=300  \\$a474 pages
=490  \\$aEncyclopédie Psychologique
=520  \\$aIn 1927-1928, Pierre Janet (1859-1947) gave a famous series of lectures at the Collège de France on the evolution of memory and the notion of time. For Janet, temporal behaviours can be grouped, in terms of their progressive evolution, into three main levels: 1° duration, 2° elementary memory, 3° the organisation of time. No other author has delved so deeply into the structure of time and memory. A work to be discovered and pondered. (Translated with Deepl.com)
=650  \0$aPsychology$1http://www.wikidata.org/entity/Q9418$922578
=650  \0$aMemory$1http://www.wikidata.org/entity/Q492$921472
=650  \0$aTime$1http://www.wikidata.org/entity/Q11471$93353
=942  \\$cBOO
=952  \\$00$10$2ddc$40$6PHI_JANE$70$8PHI$915274$aORPH$bORPH$cKM12_3_2$d2015-07-06$g28.00$l1$oPHI JANE$p20143844$r2024-10-08 10:33:55$s2021-03-12$w2021-01-12$yBOO$Vamazon.de
=999  \\$d15280

