=LDR  00958acm a2200217   4500
=001  15285
=005  20250925143302.0
=008  161206s1901\\\\\\\\\\\\\\\\\\\\\\0\fre\d
=041  \\$afre
=100  \\$4aut$aRichter, Ernst Friedrich$d1808-1879$918393
=245  \\$aExercices pour servir à l'étude de l'harmonie pratique
=260  \\$aLeipzig$aBrussels$bBreitkopf & Härtel$c1901
=300  \\$a46 pages
=648  \0$a20th Century (1901-2000)$1http://www.wikidata.org/entity/Q6927$920936
=650  \0$aMusic education$1http://www.wikidata.org/entity/Q27908$921766
=650  \0$aBasso continuo$1http://www.wikidata.org/entity/Q724321$921065
=650  \0$aHarmony$1http://www.wikidata.org/entity/Q184421$92358
=700  \\$aSandré, Gustave$d1843-1916$4trl$4win$917243
=942  \\$cSCO
=952  \\$00$10$2ddc$40$6KTS_1_000000000000000_H_09_007$70$8RAR$915279$aORPH$bORPH$cKTS1_H$d2022-09-02$l0$oKTS1 H.09.007$p20143761$r2021-01-12 00:00:00$w2021-01-12$ySCO
=999  \\$d15285

