=LDR  01659aam a2200217   4500
=001  15288
=005  20250925143302.0
=008  120111s2006\\\\\\\\\\\\\\\\\\\\\\0\eng
=020  \\$a0192804286
=041  \\$aeng
=100  \\$aFlynn, R. Thomas$4aut$917246
=245  \\$aExistentialism:$bA Very Short Introduction
=260  \\$aOxford$bOxford University Press$c2006
=300  \\$a144 pages
=490  \\$aVery Short Introductions$v153
=520  \\$aOne of the leading philosophical movements of the twentieth century, existentialism has had more impact on literature and the arts than any other school of thought. Focusing on the leading figures of existentialism, including Sartre, Nietzsche, Heidegger, Kierkegaard, de Beauvoir, Merleau-Ponty, and Camus, Thomas Flynn offers a concise account of existentialism, explaining the key themes of individuality, free will, and personal responsibility, which marked the movement as a way of life, not just a way of thinking.
Flynn sets the philosophy of existentialism in context, from the early phenomenologists, to its rise in the 40's and 50's, and the connections with National Socialism, Communism, and Feminism. He identifies the original definition of "existentialism," which tends to be obscured by misappropriation, and highlights how the philosophy is still relevant in our world today.
=648  \0$a20th Century (1901-2000)$1http://www.wikidata.org/entity/Q6927$920936
=650  \0$aPhilosophy$1http://www.wikidata.org/entity/Q5891$92357
=942  \\$cBOO
=952  \\$00$10$2ddc$40$6PHI_FLYN_A$70$8PHI$915282$aORPH$bORPH$cKM12_3_2$d2021-08-09$oPHI FLYN a$p20133271$r2021-01-12 00:00:00$w2021-01-12$yBOO
=999  \\$d15288

