=LDR  01956aam a2200373   4500
=001  15289
=005  20251103150107.0
=008  170120s1993\\\\\\\\\\\\\\\\\\\\\\0\ger
=020  \\$a3890072259
=041  \\$ager
=100  \\$4aut$aBetzwieser, Thomas$917247
=245  \\$aExotismus und Türkenoper in der französischen Musik des Ancien Régime
=260  \\$aLaaber$bLaaber-Verlag$c1993
=300  \\$a455 pages
=490  \\$aNeue Heidelberger Studien zur Musikwissenschaft$vBand 21
=600  \0$aLully, Jean-Baptiste$d1632-1687$1http://www.wikidata.org/entity/Q1192$95867
=600  \0$aCampra, André$d1660-1744$1http://www.wikidata.org/entity/Q313860$95039
=600  \0$aFavart, Charles-Simon$d1710-1792$1http://www.wikidata.org/entity/Q981902$95423
=600  \0$aGluck, Christoph Willibald$d1714-1787$1http://www.wikidata.org/entity/Q130759$96111
=600  \0$aGrétry, André-Ernest-Modeste$d1741-1813$1http://www.wikidata.org/entity/Q210962$94756
=600  \0$aDalayrac, Nicolas$d1753-1809$1http://www.wikidata.org/entity/Q952520$96382
=648  \0$a17th Century (1601-1700)$1http://www.wikidata.org/entity/Q7016$920923
=648  \0$a18th Century (1701-1800)$1http://www.wikidata.org/entity/Q7015$920899
=650  \0$aMusic history$1http://www.wikidata.org/entity/Q846047$921373
=650  \0$aOrientalism$1http://www.wikidata.org/entity/Q101103763$922490
=650  \0$aTravel$1http://www.wikidata.org/entity/Q61509$94440
=650  \0$aOpera$1http://www.wikidata.org/entity/Q1344$92468
=650  \0$aFine art$1http://www.wikidata.org/entity/Q219625$921579
=651  \0$aFrance$1http://www.wikidata.org/entity/Q142$9131
=651  \0$aTurkey$1http://www.wikidata.org/entity/Q43$975
=651  \0$aChina$1http://www.wikidata.org/entity/Q29520$921493
=942  \\$cBOO
=952  \\$00$10$2ddc$40$6TOP_FR_5_000000000000000$70$8TOP$915283$aORPH$bORPH$cKTS0$d2022-05-10$g60.00$oTOP FR 5$p20130710$r2021-01-12 00:00:00$w2021-01-12$yBOO
=999  \\$d15289

