=LDR  00759aam a2200193   4500
=001  15300
=005  20250109133512.0
=008  160419s1970\\\\\\\\\\\\\\\\\\\\\\0\eng
=020  \\$a0193231956
=041  \\$aeng
=100  \\$aDennis, Brian$4aut$917253
=245  \\$aExperimental Music in Schools:$bTowards a New World of Sound Handbook for Teachers
=260  \\$aOxford$bOxford University Press$c1970
=300  \\$a76 pages
=650  \0$aMusic education$1http://www.wikidata.org/entity/Q27908$921766
=650  \0$aAvant-garde$1http://www.wikidata.org/entity/Q102932$921178
=942  \\$cBOO
=952  \\$00$10$2ddc$40$6MTP_4_000000000000000_DENN$70$8MTP$915295$aORPH$bORPH$cKM12_1$d2022-10-10$g24.00$l0$oMTP4 DENN$p20135467$r2021-01-12 00:00:00$w2021-01-12$yBOO
=999  \\$d15300

