=LDR  03104aam a2200217   4500
=001  15301
=005  20250925143302.0
=008  181204s2016\\\\\\\\\\\\\\\\\\\\\\0\eng
=020  \\$a9781628922479
=041  \\$aeng
=100  \\$aGottschalk, Jennie$4aut$917254
=245  \\$aExperimental Music Since 1970
=260  \\$aNew York$aLondon$bBloomsbury Academic$c2016
=300  \\$a292 pages
=520  \\$aWhat is experimental music today? This book offers an up to date survey of this field for anyone with an interest, from seasoned practitioners to curious readers. This book takes the stance that experimental music is not a limited historical event, but is a proliferation of approaches to sound that reveals much about present-day experience. An experimental work is not identifiable by its sound alone, but by the nature of the questions it poses and its openness to the sounding event.

Experimentation is a way of working. It pushes past that which is known to discover what lies beyond it, finding new knowledge, forms, and relationships, or accepting a state of uncertainty. For each of these composers and sound artists, craft is developed and transformed in response to the questions they bring to their work. Scientific, perceptual, or social phenomena become catalysts in the operation of the work. 

These practices are not presented according to a chronology, a set of techniques, or social groupings. Instead, they are organized according to the content areas that are their subjects, including resonance, harmony, objects, shapes, perception, language, interaction, sites, and histories. Musical materials may be subject, among other treatments, to systemization, observation, examination, magnification, fragmentation, translation, or destabilization. These restless and exploratory modes of engagement have continued to develop over recent decades, expanding the scope of both musical practice and listening.

Table of contents
Chapter 1: Defining Features of Experimental Music
1.1. Introduction
1.2. Indeterminacy
1.3. Silence

Chapter 2: Scientific Approaches
2.1. Acts of Discovery
2.2. Harmonic Relations
2.3. Playing with Numbers
2.4. Learning by Making
2.5. Finding Hidden Sounds

Chapter 3: Physicalities
3.1. The Physicality of Performance
3.2. Resonant Spaces
3.3. Objects as Instruments
3.4. From Shape to Sound

Chapter 4: Perception
4.1. The Position of the Listener
4.2. The Perception of Time

Chapter 5: Information, Language, and Interaction
5.1. Treatments of Sonic Information
5.2. The Sounds of Living Beings
5.3. Language
5.4. Interaction

Chapter 6: Place and Time
6.1. Mappings
6.2. Site-Specific Works
6.3. Histories

Chapter 7: Advocates

Appendix

Index
=648  \0$a20th Century (1901-2000)$1http://www.wikidata.org/entity/Q6927$920936
=650  \0$aMusic history$1http://www.wikidata.org/entity/Q846047$921373
=650  \0$aAvant-garde$1http://www.wikidata.org/entity/Q102932$921178
=942  \\$cBOO
=952  \\$00$10$2ddc$40$6GHM_7_000000000000000$70$8GHM$915296$aORPH$bORPH$cKM12_1$d2021-12-29$g22.00$oGHM7$p20130738$r2021-01-12 00:00:00$w2021-01-12$yBOO
=999  \\$d15301

