=LDR  01623aam a2200229   4500
=001  15302
=005  20250925143302.0
=008  160518r20121977\\\a\\\\\\\\\\\\\\0\eng\d
=020  \\$a9781438442853
=041  \\$aeng
=100  \\$aIhde, Don$d1934-$4aut$1http://www.wikidata.org/entity/Q5292818$917255
=245  \\$aExperimental Phenomenology:$bMultistabilities
=260  \\$aAlbany, NY$bState University of New York Press$c2012
=300  \\$a196 pages
=520  \\$aSince the initial publication of 'Experimental Phenomenology' in 1977, Don Ihde's groundbreaking career has developed from his contributions to the philosophy of technology and technoscience to his own postphenomenology. This new and expanded edition of Experimental Phenomenology resituates the text in the succeeding currents of Ihdes work with a new preface and two new sections, one devoted to pragmatism and phenomenology and the other to technologies and material culture. Now, in the case of tools, instruments, and media, Ihdes active and experimental style of phenomenology is taken into cyberspace, science and media technologies, computer games, display screens, and more.
=648  \0$1http://www.wikidata.org/entity/Q6927$a20th Century (1901-2000)$920936
=650  \0$aPhilosophy$1http://www.wikidata.org/entity/Q5891$92357
=650  \0$aPhenomenology$1http://www.wikidata.org/entity/Q179235$920894
=651  \0$1http://www.wikidata.org/entity/Q30$aUSA$943
=942  \\$cBOO
=952  \\$00$10$2ddc$40$6PHI_IHDE_A$70$8PHI$915297$aORPH$bORPH$cKM12_3_2$d2013-03-01$l1$m3$oPHI IHDE a$p20139451$r2022-11-22 00:00:00$s2021-03-10$w2021-01-12$yBOO
=999  \\$d15302

