=LDR  01541aam a2200229   4500
=001  15306
=005  20250109133514.0
=008  190227s2018\\\\\\\\\\\\\\\\\\\\\\0\ger
=020  \\$a9783837646245
=041  \\$ager
=100  \\$4aut$aVenneman, Nicole$917259
=245  \\$aDas Experiment in der Zeitgenössischen Kunst:$binitiierte Ereignisse als Form der künstlerischen Forschung
=260  \\$aBielefeld$bTranscript$c2018
=300  \\$a281 pages
=490  \\$aImage$v148
=520  \\$aDas künstlerische Experiment ist - anders als das ergebnisorientierte wissenschaftliche Pendant - eine vom Künstler offen gestaltete Forschungshandlung, innerhalb derer Partizipation möglich ist. Nicole Vennemann zeigt anhand exemplarischer Fallbeispiele von Roman Signer, Carsten Höller und Ursula Damm, dass dieser ereignisinitiierende Mechanismus des Experiments die Rezipienten zu einer Erkundungsforschung in einen Ereignis- oder Laborraum einlädt. Sie geht der Frage nach, in welcher Form die künstlerische Forschung als eine ästhetische Praxis existiert und ob Verbindungen zu einer wissenschaftlichen Forschungspraxis evident sind.
=648  \0$a21st Century (2001-2100)$1http://www.wikidata.org/entity/Q6939$920812
=650  \0$aFine art$1http://www.wikidata.org/entity/Q219625$921579
=650  \0$aArtistic research$1http://www.wikidata.org/entity/Q20827087$921804
=942  \\$cBOO
=952  \\$00$10$2ddc$40$6VIS_VENN$70$8VIS$915301$aORPH$bORPH$cKTS1_H$d2022-09-22$g34.00$l0$oVIS VENN$p20135985$r2021-01-12 00:00:00$w2021-01-12$yBOO
=999  \\$d15306

