=LDR  01421aam a2200217   4500
=001  15307
=005  20250120120109.0
=008  111129s2009\\\\\\\\\\\\\\\\\\\\\\0\e
=020  \\$a9783865605078
=041  \\$aeng
=100  \\$aObrist, Hans Ulrich$4aut$917260
=245  \\$aExperiment Marathon
=260  \\$aLondon$bKoenig$c2009
=260  \\$aReykjavik$bArt Museum$c2009
=260  \\$aLondon$bSerpentine Gallery$c2009
=300  \\$a238
=520  \\$aIn 2007, Serpentine Gallery Co-Director Hans Ulrich Obrist and artist Olafur Eliasson invited more than 100 leading artists, architects, filmmakers, academics and scientists--including Peter Cook, Simon Baron-Cohen, Gloria Friedmann, Neil Turok, Kim Gordon, Spartacus Chetwynd, Simon Forti, Fia Backstrom and Joseph Grigely--to expand the notion of experimentation for their 24-Hour Experiment Marathon, held in the Rem Koolhaas-designed Serpentine Gallery Pavilion. In the tradition of Obrist's now-legendary ongoing 24-Hour Interview Marathon, the crowds were standing-room-only and the action never stopped. This publication details the more than 40 screenings, performances and experimental films making up this genre-bending blend of science and art.
=700  \\$aEliasson, Olafur$917261
=942  \\$cBOO
=952  \\$00$10$2ddc$40$6VIS_OBRI$70$8VIS$915302$aORPH$bORPH$cKTS1_H$d2022-09-20$g45.00$l0$oVIS OBRI$p20134353$r2021-01-12 00:00:00$w2021-01-12$yBOO
=999  \\$c15307$d15307

