=LDR  02253aam a2200181   4500
=001  15309
=005  20230123102326.0
=008  130419s2010\\\\\\\\\\\\\\\\\\\\\\0\d
=020  \\$a9783835307469
=041  \\$ad
=100  \\$aGamper, Michael$4aut$917157
=245  \\$aExperiment und Literatur: Themen, Methoden, Theorien
=260  \\$aGöttingen$bWallstein$c2010
=300  \\$a578
=520  \\$aLiteratur und ihre experimentalen Dimensionen - in ihren wichtigsten Aspekten systematisch erschlossen

Das Kompendium beschreibt in 20 Beiträgen thematische, methodische und theoretische Konstellationen des Verhältnisses von »Experiment« und »Literatur«. Dabei nimmt der Band vor allem die Epistemologie und Poetologie von Literatur und Wissenschaft in ihren Austauschbeziehungen in den Blick. Der Fokus der Autoren liegt auf einer systematischen Einordnung der Thematik für die Gegenstandsbereiche von Literatur und Literaturwissenschaft; damit wird ein relevantes kulturwissenschaftliches Arbeitsfeld erschlossen und zu weiteren Studien auf diesem Gebiet angeregt.

Aus dem Inhalt:
Bernhard J. Dotzler: Literatur(theorie) im kybernetischen Experiment
Christine Blaettler: Demonstration und Exploration
Benjamin Specht: Experiment und Metapher. Zur Tropologie und Rhetorik des Wissens
Karin Krauthausen: Gedankenexperimente in Wissenschaft und Literatur
Roland Borgards: Das Tierexperiment in Literatur und Wissenschaft
Nicolas Pethes: Versuchsobjekt Mensch
Jeannie Moser: Die Experimentalisierung von Geist, Seele und Sinnen am 
eigenen Körper
Michael Gamper: Politik als Experiment. Regieren, Revoltieren, Normalisieren
Martina Wernli: Der Ort des Experiments

Im Wallstein Verlag erschienen
»Wir sind Experimente: wollen wir es auch sein!« Experiment und Literatur II 1790-1890, hg. von Michael Gamper, Martina Wernli und Jörg Zimmer (2010); Michael Gamper: Elektropoetologie. Fiktionen der Elektrizität 1740-1870 (2009); »Es ist nun einmal zum Versuch gekommen«. Experiment und Literatur I 1580-1790, hg. von Michael Gamper, Martina Wernli und Jörg Zimmer (2009)
=942  \\$cBOO
=952  \\$00$10$2ddc$40$6LIT_GAMP_A$70$8LIT$915304$aORPH$bORPH$cKM12_2_H$d2021-08-30$g28.00$oLIT GAMP a$p20130536$r2021-01-12 00:00:00$w2021-01-12$yBOO
=999  \\$c15309$d15309

