=LDR  00689aam a2200181   4500
=001  15310
=005  20230123102341.0
=008  140509s1997\\\\\\\\\\\\\\\\\\\\\\0\e
=020  \\$a9780415090261
=041  \\$aeng
=100  \\$aSchneider, Rebecca$4aut$917263
=245  \\$aThe explicit body in performance
=260  \\$aUSA$bRoutledge$c1997
=300  \\$a237
=520  \\$aAn in-depth and accessible study of the controversial and often shocking issues which surround the use of the female body in performance art.
=942  \\$cBOO
=952  \\$00$10$2ddc$40$6LIT_SCHN_A$70$8LIT$915305$aORPH$bORPH$cKM12_2_H$d2021-08-30$g32.68$oLIT SCHN a$p20131312$r2021-01-12 00:00:00$w2021-01-12$yBOO
=999  \\$c15310$d15310

