=LDR  00700aam a2200193   4500
=001  15311
=005  20250120120100.0
=008  120913t1988\\\\\\\\\\\\\\\\\\\1\\0\eng
=020  \\$a0918728940
=100  \\$4dte$aMeyer, Leonard B.$917088
=245  \\$aExplorations in music, the arts, and ideas.$bEssays in honor of Leonard B. Meyer
=260  \\$aStuyvesant$bPendragon Press$c1988
=300  \\$a473 pages
=490  \\$aFestschrift series$v7
=700  \\$4edt$aNarmour, Eugene$915889
=700  \\$4edt$aSolie, Ruth A.$917264
=942  \\$cBOO
=952  \\$00$10$2ddc$40$6REF_4_000000000000000_MEYE$70$8REF$915306$aORPH$bORPH$cKM12_1$d2021-08-11$oREF4 MEYE$p20131053$r2021-01-12 00:00:00$w2021-01-12$yBOO
=999  \\$d15311

