=LDR  01581aam a2200229   4500
=001  15321
=005  20250120120108.0
=008  120127s2009\\\\\\\\\\\\\\\\\\\\\\0\eng
=041  \\$aeng
=100  \\$aVaes, Luk$4aut$1https://orcid.org/0000-0001-5493-6494$917277
=245  \\$aExtended Piano Techniques.$bIn Theory, History and Performance Practice
=260  \\$aGhent$bOrpheus Instituut$c2009
=300  \\$a2 vols. (1081 pages)
=520  \\$aProefschrift ter verkrijging van de graad van Doctor aan de Universiteit Leiden op gezag van de Rector Magnificus prof. mr. C.J.J.M. Stolker, volgens besluit van het College voor promoties te verdedigen op 22 decembr 2009.


=650  \0$aHistorically informed performance$1http://www.wikidata.org/entity/Q1344860$920980
=650  \0$aKeyboard instrument$1http://www.wikidata.org/entity/Q52954$92849
=942  \\$cDIS
=952  \\$00$10$2ddc$40$6INS_3_000000000000000_3D_VAES$70$8INS$911609$aORPH$bORPH$cKTS0$d2021-01-12$eKoopman$i38E08$oINS3.3d VAES$p20120393$r2021-01-12 00:00:00$w2021-01-12$yBOO$OKoopman
=952  \\$00$10$2ddc$40$6INS_3_000000000000000_3D_VAES$70$8INS$911610$aORPH$bORPH$cKTS0$d2021-01-12$eKoopman$i38E08$oINS3.3d VAES$p20120394$r2021-01-12 00:00:00$w2021-01-12$yBOO$OKoopman
=952  \\$00$10$2ddc$3Part 1$40$6MTP_5_000000000000000_VAES$70$8MTP$915316$aORPH$bORPH$cKM12_1$d2021-08-31$oMTP5 VAES$p20131404$r2021-01-12 00:00:00$w2021-01-12$yDIS
=952  \\$00$10$2ddc$3Part 2$40$6MTP_5_000000000000000_VAES$70$8MTP$915317$aORPH$bORPH$cKM12_1$d2021-08-31$oMTP5 VAES$p20131405$r2021-01-12 00:00:00$w2021-01-12$yDIS
=999  \\$d15321

