=LDR  03071aam a2200205   4500
=001  15327
=005  20230123102344.0
=008  120524s2010\\\\\\\\\\\\\\\\\\\\\\0\e
=020  \\$a9780195379754
=041  \\$aeng
=100  \\$aSchippers, Huib$4aut$917282
=245  \\$aFacing the Music: Shaping Music Education from a Global Perspective
=260  \\$aOxford$bOxford university press$c2010
=300  \\$a220 pages
=520  \\$aFacing the Music investigates the practices and ideas that have grown from some five decades of cultural diversity in music education, developments in ethnomusicology, and the rise of 'world music'. Speaking from rich, hands-on experience of more than thirty years at various levels of music education (music in schools, community organizations and professional training courses), Huib Schippers makes a powerful case for the crucial role of learning music in shaping rich and diverse musical environments for the 21st century, both in practical terms and at a conceptual level: "what we hear is the product of what we believe about music."
Advocating a contemporary, positive and realistic approach to cultural diversity in music education and transmission, Schippers advocates taking into account and celebrating the natural dynamics of music. He argues that "most music travels remarkably well", and regards every musical act as an expression of the 'here and now', as do many of the musicians and scholars he quotes. In this way, he challenges stifling directives to recreate 'authentic contexts', which in fact constantly change (and have always changed) in the cultures of origin as well. This liberates music educators to seek with integrity appropriate ways of presenting music at all levels of education: in schools, community settings, and professional training. 
In seven succinct chapters that each approach the issues from a different angle, Schippers gradually unfolds the complexities of learning and teaching music 'out of context' in an accessible manner, and presents a coherent model to approach these, as well as lucid suggestions for translating the resulting ideas in practice. While mapping the various factors that determine all acts of music transmission, he also comes to surprising insights into the nature and preconceptions underlying much formal music education settings across the world, including those focusing on western classical music.
Facing the Music provides a rich resource for reflection and practice for all those involved in teaching and learning music, from policy maker to classroom teacher.
=942  \\$cBOO$2ddc
=952  \\$00$10$2ddc$40$6MTP_4_000000000000000_SCHI$70$8MTP$915322$aORPH$bORPH$cKM12_1$g62.68$l0$oMTP 4 SCHI$p20135501$r2021-01-12 00:00:00$w2021-01-12$yBOO
=952  \\$00$10$2ddc$40$6MTP_4_000000000000000_SCHI$70$8MTP$915323$aORPH$bORPH$cKM12_1$l0$oMTP 4 SCHI$p20135500$r2021-01-12 00:00:00$w2021-01-12$yBOO
=952  \\$00$10$2ddc$40$6MTP_4_000000000000000_SCHI$70$8MTP$919928$aORPH$bORPH$cKM12_1$d2021-02-23$l0$oMTP 4 SCHI$p20135494$r2021-02-23 00:00:00$w2021-02-23$yBOO
=999  \\$c15327$d15327

