=LDR  02582aam a2200217   4500
=001  15328
=005  20250906121749.0
=008  140509s2007\\\\\\\\\\\\\\\\\\\\\\0\fre\d
=020  \\$a9782081220225
=041  \\$afre
=100  \\$aKlein, Étienne$d-1958$4aut$1http://www.wikidata.org/entity/Q3592228$917283
=245  \\$aLe facteur temps ne sonne jamais deux fois
=260  \\$aParis$bFlammarion$c2007
=300  \\$a268 pages
=520  \\$aChose déroutante, décidément, que le temps. Nous en parlons comme d'une notion familière, évidente, voire domestique, « gérable ». Une sorte de fleuve dont nous pourrions accommoder le cours à notre guise, à coups de plannings, de feuilles de route, d'agendas. Nous parlons même d'un « temps réel » pour évoquer l'instantanéité, c'est-à-dire le temps sur lequel nous n'avons aucune prise. Les physiciens, eux, l'ont couplé à l'espace, en ont fait une variable mathématique, abstraite, qu'ils intègrent dans des théories audacieuses, spectaculaires, mais si complexes qu'elles sont difficiles à traduire en langage courant. Certains disent même avoir identifié le moteur du temps. Quant aux philosophes, ils ne cessent depuis plus de deux millénaires de lui tourner autour, et de le soumettre au questionnement : Le temps est-il une sorte d'entité primitive, originaire, qui ne dériverait que d'elle-même ? Ou procéderait-il au contraire d'une ou plusieurs autres entités, plus fondamentales : la relation de cause à effet, par exemple ? Le temps s'écoule-t-il de lui-même ou a-t-il besoin des événements qui s'y déroulent pour passer ? S'apparente-t-il au devenir, au changement, au mouvement ? Et au fait, le temps a-t-il eu un commencement ? À toutes ces questions, la physique apporte des éléments de réponses, souvent fascinants. Mais aucune discipline ne parvient à épuiser, à elle seule, la question du temps. C'est pourquoi nous avons croisé les regards. Et lorsqu'on met côte à côte nos discours sur le temps, les arguments des philosophes et les théories des physiciens, que se passe-t-il ? Sans aucun doute de belles et troublantes choses... C'est exactement ce que nous avons voulu savoir.
=650  \0$aPhilosophy$1http://www.wikidata.org/entity/Q5891$92357
=650  \0$aScience$1http://www.wikidata.org/entity/Q7991$921650
=650  \0$aTobacco$1http://www.wikidata.org/entity/Q1566$921475
=942  \\$cBOO
=952  \\$00$10$2ddc$40$6PHI_KLEI_A$70$8PHI$915324$aORPH$bORPH$cKM12_3_2$d2014-05-05$l1$oPHI KLEI a$p20139104$r2022-06-08 00:00:00$s2021-03-12$v7.82$w2014-05-05$yBOO
=999  \\$d15328

