=LDR  00725aam a2200205   4500
=001  15329
=005  20230123102345.0
=008  200626s2012\\\\\\\\\\\\\\\\\\\\\\0\mul
=020  \\$a9789033489785
=041  \\$adut$aeng
=245  \\$aFAK: jaarboek 2011
=260  \\$aLeuven$bAcco$c2012
=300  \\$a61 pages
=490  \\$aCahiers van de FAK$v28
=520  \\$aPublication commissioned by the Faculty of Architecture and the Arts of the KU Leuven Association.
=700  \\$4edt$aGraeve, Peter De$917284
=700  \\$4edt$aBruyn, Liesbeth De$917285
=942  \\$cBOO
=952  \\$00$10$2ddc$40$6REF_3_000000000000000_GRAE$70$8REF$915325$aORPH$bORPH$cKM12_1$d2021-08-24$oREF3 GRAE$p20134323$r2021-01-12 00:00:00$w2021-01-12$yBOO
=999  \\$d15329

