=LDR  01385aam a2200181   4500
=001  15334
=005  20250120120018.0
=008  130926s1987\\\\\\\\\\\\\\\\\\\\\\0\e
=020  \\$a9780860918967
=041  \\$aeng
=100  \\$aFeyerabend, Paul$4aut$915810
=245  \\$aFarewell to reason
=260  \\$aLondon$bVerso$c1987
=300  \\$a327
=520  \\$aFarewell to Reason offers a vigorous challenge to the scientific rationalism that underlies Western ideals of progress and development, whose damaging social and ecological consequences are now widely recognized. 

For all their variety in theme and occasion, the essays in this book share a consistent philosophical purpose. Whether discussing Greek art and thought, vindicating the churchs battle with Galileo, exploring the development of quantum physics or exposing the dogmatism of Karl Popper, Feyerabend defends a relativist and historicist notion of the sciences. The appeal to reason, he insists, is empty, and must be replaced by a notion of science that subordinates it to the needs of citizens and communities.

Provocative, polemical and rigorously argued, Farewell to Reason will infuriate Feyerabends critics and delight his many admirers.
=942  \\$cBOO
=952  \\$00$10$2ddc$40$6PHI_FEYE_A$70$8PHI$915330$aORPH$bORPH$cKM12_3_2$d2021-08-09$g25.00$oPHI FEYE a$p20133258$r2021-01-12 00:00:00$w2021-01-12$yBOO
=999  \\$c15334$d15334

