=LDR  01242acm a2200265   4500
=001  15338
=005  20250120120416.0
=008  180424s1844\\\\\\\\\p\\\\\\\\\\\\0\fre\d
=041  \\$afre
=059  \\$apf
=100  \\$4cmp$aDonizetti, Gaetano$d1797-1848$1http://www.wikidata.org/entity/Q101698$96715
=245  \\$aLa Favorite$bOpéra en 4 actes
=260  \\$aParis$bGrus$c1844
=300  \\$a120 pages$bleather bound, illustrated title page
=563  \\$areveals significant wear
=590  \\$aPartition pour piano seul arrangée par R. Wagner
=648  \0$a19th Century (1801-1900)$1http://www.wikidata.org/entity/Q6955$920935
=650  \0$aOpera$1http://www.wikidata.org/entity/Q1344$92468
=650  \0$aArrangement$1http://www.wikidata.org/entity/Q379755$94282
=650  \0$aKeyboard music$1http://www.wikidata.org/entity/Q105715630$921412
=700  \\$4arr$aWagner, Richard$d1813-1883$1http://www.wikidata.org/entity/Q1511$97120
=856  \\$uhttps://imslp.org/wiki/La_favorite_(Donizetti,_Gaetano)$3International Music Score Library Project
=942  \\$cSCO
=952  \\$00$10$2ddc$40$6KTS_1_000000000000000_H_04_030$70$8SCO$915334$aORPH$bORPH$cKTS1_H$d2022-03-14$oKTS1 H.04.030$p20130139$r2021-01-12 00:00:00$w2021-01-12$ySCO
=999  \\$d15338

