=LDR  00540aam a2200169   4500
=001  15345
=005  20230123102346.0
=008  121214s1962\\\\\\\\\\\\\\\\\\\\\\0\n
=041  \\$adut
=100  \\$aKwant, Remigius$4aut$917296
=245  \\$aDe fenomenologie van Merleau-Ponty
=260  \\$aAntwerpen$bHet Spectrum$c1962
=300  \\$a284
=490  \\$aAula Boeken
=942  \\$cBOO
=952  \\$00$10$2ddc$40$6PHI_MERL_B_KWAN$70$8PHI$915341$aORPH$bORPH$cKM12_3_2$d2021-08-04$oPHI MERL b KWAN$p20133007$r2021-01-12 00:00:00$w2021-01-12$yBOO
=999  \\$c15345$d15345

