=LDR  01479aam a2200193   4500
=001  15352
=005  20250120120048.0
=008  171113t1982\\\\\\\\\\\\\\\\\\\1\\0\mul
=020  \\$a0935052089
=041  \\$afre$aeng$aita$ager
=100  \\$4dte$aSeay, Albert$d1916-1984$1http://www.wikidata.org/entity/Q41525760$916617
=245  \\$aA festschrift for Albert Seay.$bEssays by his friends and colleagues
=260  \\$aColorado Spring$bThe Colorado Colledge$c1982
=300  \\$a260 pages
=520  \\$aAlbert Seay was Professor of Music at Colorado College beginning in 1953 and served as Chair of the Music Department from 1967 until his retirement in 1982. His students and colleagues knew him as a great teacher and scholar who was equally dedicated to both undergraduates and his own internationally acclaimed musicological research. Dr. Seays numerous contributions to the Seay collection include a variety of musicological resources, a large repertoire of piano four-hands and two-piano music, and a collection of unusual woodwind chamber music.

Suggestioni teoriche nel Lucidarium di Marchetto da Padova, dai "generi" alla "musica colorata" / Giuseppe Massera
The manuscript transmission of Hothby's theoretical works / Gilbert Reaney
De l'attribution a
=700  \\$4edt$aGrace, Michael D.$917298
=942  \\$cBOO
=952  \\$00$10$2ddc$40$6REF_4_000000000000000_SEAY$70$8REF$915348$aORPH$bORPH$cKM12_1$d2021-08-11$oREF4 SEAY$p20131055$r2021-01-12 00:00:00$w2021-01-12$yBOO
=999  \\$d15352

