=LDR  00691aam a2200169   4500
=001  15355
=008  150702s1927\\\\fr\f\\\\\\\\\\\\\\0\fre\d
=041  \\$afre
=100  \\$aPincherle, Marc$d1888-1974$4aut$916671
=245  \\$aFeuillets d'histoire du violon. Avec une préface de Lionel de la Laurence
=260  \\$aParis$bLibrairie Musicale G. Legouix$c1927
=300  \\$a181 pages
=650  \0$aViolin$1http://www.wikidata.org/entity/Q8355$92783
=650  \0$aOrganology$1http://www.wikidata.org/entity/Q899293$921400
=942  \\$cBOO
=952  \\$00$10$2ddc$40$6INS_4_000000000000000_1A$70$8INS$915351$aORPH$bORPH$cKTS0$d2023-10-31$l0$oINS4.1a$p20131021$r2021-01-12 00:00:00$w2021-01-12$yBOO
=999  \\$d15355

