=LDR  03913aam a2200277   4500
=001  15358
=005  20250910111525.0
=008  121011s2011\\\\\\\\\\\\\m\\\\\\\\0\eng\d
=020  \\$a9789197847780
=041  \\$aeng
=100  \\$aNilsson, Per Anders$4aut$917303
=245  \\$aA Field of Possibilities:$bDesigning and Playing Digital Musical Instruments
=260  \\$aGöteborg$bGöteborgs Universitet$c2011
=300  \\$a355 pages$eCD
=500  \\$aThesis in Musical Performance and Interpretation at the Academy of Music and Drama, Göteborgs Universitet, 2011
=500  \\$aPer Anders Nilsson (1954) is an improvising musician and electroacoustic composer from Gothenburg, Sweden. Studied saxophone and electroacoustic music 1981-87 at the School of Music at University of Gothenburg. In 2011 he finished his PhD thesis A Field of Possibilities: Designing and Playing Digital Musical Instruments. In the 70s and 80s he managed his own bands as well performed occasionally with musicians such as Willem Breuker, Anthony Braxton, Palle Mikkelborg, Karin Krog and John Surman. In 2009 Nilsson toured Sweden with the legendary saxophone player Evan Parker. Nilsson has been played at several ICMC: Aarhus, Banff, Thessaloniki, Beijing and Miami as well as been commissioned at GRM, Paris and has also been a visiting scholar at CNMAT in Berkeley, CREATE in Santa Barbara as well as CCRMA at Stanford. Nilsson was also music coordinator for ICMC 2002. Nilsson has released several CDs since the nineteens: the solo CD Random Rhapsody in 1993, the group Natural Artefacts released CDs in 2001 and 2005 plus Strings and objetcs with Nilsson/Sandell, Duo duo pantoMorf with Palle Dahlstedt (www.lj-records.se), in 2008 and in april 2009 with Beam Stone on the English label PSI (www.emanemdisc.com/psi09.html).
=520  \\$aIn my thesis I focus on a set of digital musical instruments I have designed and developed with ensemble improvisation in mind. The intention is not to create a universal improvisational instrument, but rather to create a set of instruments which each realize one musical idea. My research addresses the meaning and relations between activities in two stages, what I call design time and play time. In short, design time is conception, representation, and articulation of ideas and knowledge outside of chronological time, whereas play time takes place in real-time and concerns bodily activity, interaction, and embodied knowledge. In this work aesthetics play a crucial role, and here signify what is important for me. At design time my aesthetic preferences guide the design process, whereas in play time, a subjective aesthetic tenet is that musical improvisation has strong similarities to gaming and play. One hypothesis states that choices made during the design process at the development stages of a digital musical instrument significantly influence ensemble improvisation and musical results at play time. A digital instrument in this work constitutes a field of possibilities, which in play actualizes the aesthetic decisions of its designer, and in cases where the designer and player are one, during play there will be a double influence: directly through the players actions, and indirectly through the nature of the instrument."
=648  \0$a21st Century (2001-2100)$1http://www.wikidata.org/entity/Q6939$920812
=650  \0$aElectronic music$1http://www.wikidata.org/entity/Q9778$922014
=650  \1$aDigital art$1http://www.wikidata.org/entity/Q860372$925337
=650  \0$aOrganology$1http://www.wikidata.org/entity/Q899293$921400
=650  \0$aPerformance$1http://www.wikidata.org/entity/Q6942562$926223
=651  \0$aGöteborg (Sweden)$1http://www.wikidata.org/entity/Q25287$923320
=942  \\$cDIS
=952  \\$00$10$2ddc$40$6MTP_5_000000000000000_NILS$70$8MTP$915354$aORPH$bORPH$cKM12_1$d2021-08-31$oMTP5 NILS$p20131381$r2021-01-12 00:00:00$w2021-01-12$yDIS
=999  \\$d15358

