=LDR  00515aam a2200169   4500
=001  15370
=005  20250120120110.0
=008  140428s1979\\\\\\\\\\\\\\\\\\\\\\0\n
=020  \\$a9023215494
=041  \\$adut
=100  \\$aParret, Herman$4aut$917316
=245  \\$aFilosofie en taalwetenschap
=260  \\$aAssen$bVan Gorcum$c1979
=300  \\$a124
=942  \\$cBOO
=952  \\$00$10$2ddc$40$6PHI_PARR_A$70$8PHI$915367$aORPH$bORPH$cKM12_3_2$d2021-08-17$oPHI PARR a$p20133858$r2021-01-12 00:00:00$w2021-01-12$yBOO
=999  \\$c15370$d15370

