=LDR  01768aam a2200181   4500
=001  15373
=005  20250120120110.0
=008  120307s1996\\\\\\\\\\\\\\\\\\\\\\0\\\\
=020  \\$a9789053521625
=100  \\$4Auteur$aSchelling, Friedrich Wilhelm Joseph von $d1775-1854$1http://www.wikidata.org/entity/Q60070$917319
=100  \\$4Translator$avan der Aart, Inge$917320
=245  \\$aFilosofie van de kunst
=260  \\$aAmsterdam$bBoom$c1996
=300  \\$a144
=520  \\$aFriedrich Schelling (1755-1854) wordt met recht beschouwd als de meest representatieve filosoof van de Duitse romantiek. Dat geldt in het bijzonder voor zijn filosofie van de kunst, die hij tussen 1800 en 1807 in verschillende geschriften heeft ontwikkeld. Hoewel veel van zijn ideeën ook, en vaak zelfs al eerder, te vinden zijn in het werk van andere romantici, zoals de gebroeders Schlegel en Novalis, komt Schelling de eer toe deze vaak fragmentarische ideeën tot een samenhangende kunstfilosofie te hebben samengesmeed. Schellings kunstfilosofe is in de eerste plaats een metafysica van de kunst. De kunst vormt voor Schelling het sluitstuk van de filosofie, omdat uitsluitend zij in staat is het Absolute, opgevat als de oorspronkelijke eenheid van natuur en geest, op adequate wijze tot uitdrukking te brengen. De kunst is voor Schelling 'het enig ware en eeuwige organon van de filosofie' en is om die reden tenminste gelijkwaardig aan de filosofie. Daarmee staat Schelling aan het begin van een 1 esthetische' traditie in de (post)moderne filosofie die via Nietzsche, Heidegger en Derrida tot op heden zijn sporen

=942  \\$cBOO
=952  \\$00$10$2ddc$40$6PHI_SCHE_A$70$8PHI$915370$aORPH$bORPH$cKM12_3_2$d2021-08-18$oPHI SCHE a$p20133912$r2021-01-12 00:00:00$w2021-01-12$yBOO
=999  \\$c15373$d15373

