=LDR  02692aam a2200253   4500
=001  15377
=005  20250121142131.0
=008  120307s2004\\\\\\\\\\\\\\\\\\\\\\0\dut
=020  \\$a9789065541925
=041  \\$adut$heng
=100  \\$aBurke, Edmund$d1729-1797$1http://www.wikidata.org/entity/Q165792$917323
=245  \\$aEen filosofisch onderzoek naar de oorsprong van onze denkbeelden over het sublieme en het schone
=260  \\$aGroningen$bHistorische Uitgeverij$c2004
=300  \\$a250 pages
=520  \\$aEen filosofisch onderzoek naar de oorsprong van onze denkbeelden over het sublieme en het schone uit 1757 is een vroeg werk van de Britse parlementariër en politiek theoreticus Edmund Burke (1729-1797). In zijn Onderzoek vraagt Burke, zelf een meester in de redenaarskunst, zich af met welk kunstmiddel op het publiek de diepste indruk gemaakt kan worden. Zijn conclusie luidt dat er naast de gangbare categorie van het schone een tweede esthetische categorie bestaat met een geheel eigen karakter: het sublieme. Het sublieme wekt schrik en ontzetting. Maar omdat dit ons niet werkelijk bedreigt, en ons alleen aan een mogelijk gevaar herinnert, beleven wij aan deze angst een intens genot.

Voorbeelden van de sublieme huivering zijn te vinden in de literatuur, de schilderkunst, de bouwkunst, de muziek, maar ook in het landschap, telkens wanneer dit zich groots en overweldigend voordoet. Met zijn tweedeling tussen het schone en het sublieme maakt Burke de esthetische ervaring definitief los uit voorstellingen van zedelijkheid, doelmatigheid, rationaliteit of evenwicht van verhoudingen. De krachtigste esthetische indrukken die wij ondergaan zijn dikwijls het gevolg van zaken die volstrekt niet moreel voortreffelijk, nuttig, redelijk of welgevormd zijn. Het sublieme is groots en meeslepend, juist omdat het angstwekkend, ondoorgrondelijk en bovenmaats is.

Het Filosofisch onderzoek is vertaald en van aantekeningen voorzien door Wessel Krul.

Dit is het dertiende deel in de serie Filosofie & Retorica onder redactie van Keimpe Algra, Jeroen Bons, Wessel Krul, Marc van der Poel en Theo Verbeek.

=534  \\$aOriginally published in 1757
=648  \0$a18th Century (1701-1800)$1http://www.wikidata.org/entity/Q7015$920899
=650  \0$aPhilosophy$1http://www.wikidata.org/entity/Q5891$92357
=651  \0$aUnited Kingdom$1http://www.wikidata.org/entity/Q21$9273
=700  \\$4trl$aKrul, Wessel$917324
=765  \\$aA Philosophical Enquiry into the Origin of Our Ideas of the Sublime and Beautiful
=942  \\$cBOO
=952  \\$00$10$2ddc$40$6PHI_BURK_A$70$8PHI$915374$aORPH$bORPH$cKM12_3_2$d2021-07-27$oPHI BURK a$p20132759$r2021-01-12 00:00:00$w2021-01-12$yBOO
=999  \\$d15377

