=LDR  01667aam a2200193   4500
=001  15378
=005  20250120120101.0
=008  120309s2001\\\\\\\\\\\\\\\\\\\\\\0\f
=020  \\$a9782738109866
=041  \\$afre
=100  \\$aPrigogine, Ilya$4aut$917124
=245  \\$aLa fin des certitudes
=260  \\$aParis$bPoches odile Jacob$c2001
=250  \\$a3
=300  \\$a228
=520  \\$aNous assistons aujourd'hui à un renouvellement de la science
Les certitudes que l'on avait dans la physique déterministe de Newton et d'Einstein doivent être revues car on peut maintenant affirmer que les systèmes naturels ne sont pas prévisibles à cent pour cent. Les vieilles équations déterministes de la physique doivent toutes être remplacées par des calculs statistiques donnant des probabilités. 
Nous sommes les enfants du temps
Les événements qui se produisent dans la nature sont tous irréversibles, il y a un avant et un après, ce temps est commun à tous. Les systèmes naturels ont une autre propriété liée à l'irréversibilité : éloignés de leur point d'équilibre, ils s'auto-organisent, cela se vérifie chaque jour et a permis l'apparition de la vie. 
Nous sommes libres
Rien jamais dans la connaissance du monde de pourra empêcher l'homme de décider de son avenir, les choix qu'il fait ne peuvent pas être prévus à l'avance même par un être aux connaissances infinies. Seules les possibilités sont prévisibles. --Ce texte fait référence à l'édition Broché .
=942  \\$cBOO
=952  \\$00$10$2ddc$40$6PHI_PRIG_A$70$8PHI$915375$aORPH$bORPH$cKM12_3_2$d2021-08-04$oPHI PRIG a$p20133026$r2021-01-12 00:00:00$w2021-01-12$yBOO
=999  \\$c15378$d15378

