=LDR  01678aam a2200193   4500
=001  15380
=005  20251001162313.0
=008  120119s1993\\\\\\\\\\\\\\\\\\\\\\0\eng\d
=020  \\$a0521435986
=041  \\$aeng
=100  \\$aKivy, Peter$d1934-2017$4aut$1http://www.wikidata.org/entity/Q7175228$916145
=245  \\$aThe Fine Art of Repetition:$bEssays in the Philosophy of Music
=260  \\$aCambridge$bCambridge University Press$c1993
=300  \\$a373 pages
=520  \\$aPeter Kivy is the author of many books on the history of art and, in particular, the aesthetics of music. This collection of essays spans a period of some thirty years and focuses on a richly diverse set of issues: the biological origins of music, the role of music in the liberal education, the nature of the musical work and its performance, the aesthetics of opera, the emotions of music, and the very nature of music itself. Some of these subjects are viewed as part of the history of ideas, others as current problems in the philosophy of art. A particular feature of the volume is that Kivy avoids the use of musical notation so that no technical knowledge at all is required to appreciate his work. The essays will prove enjoyable and insightful not just to professionals in the philosophy of art and musicologists, or to musicians themselves, but also to any motivated general reader with a deep interest in music.
=650  \0$aMusic philosophy and aesthetics$1http://www.wikidata.org/entity/Q2092865$921165
=942  \\$cBOO
=952  \\$00$10$2ddc$40$6AES_KIVY$70$8AES$915377$aORPH$bORPH$cKM12_1$d2021-12-22$g3630.00$l1$m3$oAES KIVY$p20139444$r2022-09-06 00:00:00$s2021-03-10$w2021-01-12$yBOO
=999  \\$d15380

