=LDR  01431aam a2200193   4500
=001  15383
=005  20230123091129.0
=008  170927s1967\\\\\\\\\\\\\\\\\\\\\\0\ger
=041  \\$ager
=100  \\$4edt$aDittmer, Luther A.$916418
=245  \\$aFirenze, biblioteca mediceo-laurenziana, pluteo 29, I
=260  \\$aBrooklyn, NY$bInstitute of Mediaeval Music$c1967
=300  \\$a2 vols.
=490  \\$aVeröffentlichungen mittelalterlicher Musikhandschriften$v10-11
=520  \\$aPluteo 29.1, also known as Pluteus 29.1, or simply the Florence Manuscript, is an illuminated manuscript in the Laurentian Library of Florence.

The manuscript is believed to have been produced by the workshop of Johannes Grusch in Paris during the mid-thirteenth century, probably between 1245 and 1255. It contains the largest extant collection of music in the Notre-Dame style, mainly organa, conductus, and motets. The illumination consists of thirteen historiated initials and one full-page miniature which serves as its frontispiece.

The manuscript was issued in facsimile by Institute of Medieval Music in 1967
=942  \\$cBOO
=952  \\$00$10$2ddc$3vol. 1$40$6SCO_MISC_DITT$70$8SCO$915380$aORPH$bORPH$cKTS1_H$d2021-08-19$oSCO MISC DITT$p20145753$r2021-01-12 00:00:00$w2021-01-12$ySCO
=952  \\$00$10$2ddc$3vol. 2$40$6SCO_MISC_DITT$70$8SCO$915381$aORPH$bORPH$cKTS1_H$d2021-08-19$oSCO MISC DITT$p20145752$r2021-01-12 00:00:00$w2021-01-12$ySCO
=999  \\$d15383

