=LDR  00655aam a2200181   4500
=001  15389
=005  20250120120111.0
=008  120918s1988\\\\\\\\\\\\\\\\\\\1\\0\eng
=020  \\$a978-0918728845
=100  \\$4dte$aSwan, Howard$d1906-1995$922072
=245  \\$aFive centuries of choral music.$bEssays in honor of Howard Swan
=260  \\$aStuyvesant$bPendragon Press$c1988
=300  \\$a389 pages
=490  \\$aFestschrift series$v6
=700  \\$4edt$aPaine, Gordon$917335
=942  \\$cBOO
=952  \\$00$10$2ddc$40$6REF_4_000000000000000_SWAN$70$8REF$915386$aORPH$bORPH$cKM12_1$d2021-08-11$g12.00$oREF4 SWAN$p20131052$r2021-01-12 00:00:00$w2021-01-12$yBOO
=999  \\$d15389

