=LDR  01351aam a2200229   4500
=001  15391
=005  20251027155212.0
=008  140905s2008\\\\\\\\\\\\\\\\\\\\\\0\eng
=020  \\$a9780826459855
=041  \\$aeng$hfre
=100  \\$aSerres, Michel$d1930-2019$4aut$1http://www.wikidata.org/entity/Q364456$916516
=245  \\$aThe Five Senses:$bA Philosophy of Mingled Bodies
=260  \\$aLondon$bContinuum$c2008
=300  \\$a348
=520  \\$aThe Five Senses represents a defining break in his work, in which he leaves behind traditional philosophy to explore the history and culture of science. By examining the deleterious effects of the systematic downgrading of the senses in Western philosophy, Serres traces a topology of human perception. Writing against the Cartesian tradition and in praise of empiricism, he demonstrates repeatedly, and lyrically, the sterility of systems of knowledge divorced from bodily experience.
=648  \0$a20th Century (1901-2000)$1http://www.wikidata.org/entity/Q6927$920936
=650  \0$aPhilosophy$1http://www.wikidata.org/entity/Q5891$92357
=651  \0$aFrance$1http://www.wikidata.org/entity/Q142$9131
=765  \\$aLes Cinq sens
=942  \\$cBOO
=952  \\$00$10$2ddc$40$6PHI_SERR_A$70$8PHI$915388$aORPH$bORPH$cKM12_3_2$d2021-08-18$g30.99$oPHI SERR a$p20133947$r2021-01-12 00:00:00$w2021-01-12$yBOO
=999  \\$d15391

