=LDR  01197aam a2200193   4500
=001  15406
=005  20240126141656.0
=008  190327s2018\\\\\\\\\\\\\\\\\\\\\\0\eng
=020  \\$a9789401453226
=041  \\$aeng
=245  \\$aThe Floor is Yours:$bBecause Life is Too Short for Bad Presentations
=260  \\$aGhent$bAcademia Press$c2018
=300  \\$a220 pages
=520  \\$aDrawing on their own wide-ranging experience, the authors offer useful tips and tricks that will help you score with the audience and provide solutions for every possible presentation problem. Too introverted? Complex themes? Paralyzed by stress? This book shows that giving a presentation doesn't need to be an ordeal. You will learn how to keep your audience's attention to achieve the results you want and will also be shown a number of classic and instantly recognizable examples of bad presentations, so that you can immediately see how not to do it!
=700  \\$4aut$aWater, Hans van de$917344
=700  \\$4aut$aVerlinden, Toon$917345
=942  \\$cBOO
=952  \\$00$10$2ddc$40$6REF_2_000000000000000_WATE$70$8REF$915404$aORPH$bORPH$cKM12_1$d2021-08-24$oREF2 WATE$p20131177$r2021-01-12 00:00:00$w2021-01-12$yBOO
=999  \\$d15406

