=LDR  00702aam a2200157   4500
=001  15409
=005  20250120120111.0
=008  120716s2001\\\\\\\\\\\\\\\\\\\\\\0\dut
=100  \\$aDe Fleyt, Karin$4aut$917346
=245  \\$aFl²: Resultaat van een studie over de extentiemogelijheden van het hedendaagse fluitrepertoire
=260  \\$aGhent$c2001
=300  \\$a31 pages
=520  \\$aStudie ingediend tot het bekomen van de titel Laureaat van het Orpheus Instituut door Karin De Fleyt. Mentor: Dr. Godfried-Willem Raes, 29 nov 2001
=942  \\$cDIS
=952  \\$00$10$2ddc$40$6MTP_5_000000000000000_DEFL$70$8MTP$915407$aORPH$bORPH$cKM12_1$d2021-08-31$oMTP5 DEFL$p20134077$r2021-01-12 00:00:00$w2021-01-12$yDIS
=999  \\$d15409

