=LDR  00574aam a2200169   4500
=001  15410
=005  20230123102354.0
=008  131014s2003\\\\\\\\\\\\\\\\\\\\\\0\d
=020  \\$a3826024346
=041  \\$ager
=100  \\$aRuf, Simon$4aut$917347
=245  \\$aFluchtlinen der kunst: ästhetik, macht, leben bei Gilles Deleuze
=260  \\$aWürzburg$bKönigshausen & Neumann$c2003
=300  \\$a160
=942  \\$cBOO
=952  \\$00$10$2ddc$40$6PHI_DELE_B_RUF$70$8PHI$915408$aORPH$bORPH$cKM12_3_2$d2021-07-27$oPHI DELE b RUF$p20132768$r2021-01-12 00:00:00$w2021-01-12$yBOO
=999  \\$c15410$d15410

