=LDR  03200aam a2200313   4500
=001  15411
=005  20250820130240.0
=008  120713s2001\\\\fr\h\\\\\\\\\\\\\\0\fre
=020  \\$a9790230658096
=041  \\$afre
=245  \\$aFlûte à Bec
=260  \\$aCourlay$bFuzeau$c2001
=300  \\$a3 vols. (202+306+227 pages)
=336  \\$aprinted
=490  \\$aMéthodes et Traités 8. Collection dirigée par Jean Saint-Arroman$v8
=500  \\$a3 Volumes (of 4)
=520  \\$aAnonyme : Manuscrit sans titre - (s.d.)
Virdung Sebastian : Musica Getutscht - 1511
Ganassi dal Fontego Silvestro : Opera intitulata Fontegara - 1535
Agricola Martin : Musica instrumentalis Deutsch - 1545
Jambe de Fer Philibert : Epitome musical - 1556
Virgiliano Aurelio : Il Dolcimelo - 1600 (ca)
Praetorius Michael : De Organographia - 1619
Mersenne Marin : Harmonie universelle - 1636
Trichet Pierre : Traité des instruments - 1640
=520  \\$aVan Eyck Jacob : Der Fluyten Lust-hof - 1646
Bismontova Bartolomeo : Compendio musicale - 1677
Hudgebut John : A vade mecum for the lovers - 1679
Salter Humphrey : The genteel companion - 1683
Carr John : The delightful companion - 1686
Loulié Etienne : Méthode pour apprendre à jouer de la flûte douce - 1694 (ca)
Anonyme : The compleat flute-master - 1695
=520  \\$aFreillon-Poncein Jean-Pierre : La véritable manière - 1700
Brossard Sébastien de : Dictionnaire de musique - 1703
Anonyme : The fifth book of the new flute master - 1706
Hotteterre-le-Romain Jacques-Martin : Principes de la Flûte traversière - 1707
Hotteterre-le-Romain Jacques-Martin : L'Art de préluder - 1719
Schickhardt Jean-Chrestien : Principes de la flûte - 1720
Anonyme : The complete Musik-Master - 1722
Weigel Johann-Christoph : Musicum Theatrum - c. 1722
Prelleur Pierre : The modern musick master - 1730
Majer Joseph Friederich Bernard Caspar : Museum musicum theoretico praticum - 1732
Eisel Johann Philipp : Musicus autodidactos - 1738
Tans'ur William : A new musical grammar - 1746
Anonyme : The compleate tutor for the flute - 1750
Garsault François-Alexandre-Pierre de : Notionnaire ou Mémorial raisonné - 1761
Francoeur le neveu Louis Joseph : Diapason général de tous les instruments à vent - 1772
Anonyme : Compleate instructions for the common flute - 1780
Laborde Jean Benjamin de : Essai sur la musique - 1780
Encyclopédie méthodique : Edition de Panckouke - 1788

=650  \0$aMethod$1http://www.wikidata.org/entity/Q2250960$921402
=650  \0$aFlute$1http://www.wikidata.org/entity/Q11405$921276
=650  \0$aRecorder$1http://www.wikidata.org/entity/Q187851$91903
=700  \\$4edt$aMöhlmeier, Susi$917348
=700  \\$4edt$aThouvenot, Frédérique$917349
=942  \\$cBOO
=952  \\$00$10$2ddc$40$6INS_6_000000000000000_1C$70$8INS$915409$aORPH$bORPH$cKTS0$d2021-11-04$oINS6.1c$p20130165$r2021-01-12 00:00:00$w2021-01-12$yBOO
=952  \\$00$10$2ddc$40$6INS_6_000000000000000_1C$70$8INS$915410$aORPH$bORPH$cKTS0$d2021-11-04$oINS6.1c$p20130166$r2021-01-12 00:00:00$w2021-01-12$yBOO
=952  \\$00$10$2ddc$40$6INS_6_000000000000000_1C$70$8INS$915411$aORPH$bORPH$cKTS0$d2021-11-04$oINS6.1c$p20130167$r2021-01-12 00:00:00$w2021-01-12$yBOO
=999  \\$d15411

