=LDR  01926aam a2200265   4500
=001  15417
=005  20250226104524.0
=008  200626s209\\\\\\\\\\\\\\\\\\\\\\\0\eng
=020  \\$a9789033477744
=041  \\$aeng
=245  \\$aFolded Stones:$bTied Up Tree
=260  \\$aLeuven$bAcco$c2009
=300  \\$a63 pages
=490  \\$aCahiers van het IvOK$v16
=520  \\$aThe project Navel-Body-Skin is a comparative and interdisciplinary research into the meaning of ceramics as an archetype in visual anthropology. The project tackles various issues, including the relationship between ceramics and the artist's body, the archetype of ceramics rooted in the idea of imprint and rotation, and the relationship between ceramics and other media. These questions result in artistic and theoretic experiments in Japan and Iceland. The texts and images in this cahier involve a momentum during the researchers' project and their development towardsa better understanding of what happens when the visual medium emerges out of formless matter such as clay. Barbara Baert call this secret 'iconogenesis'. Trees de Mits calls it the process of probing and interpreting reality of the 'body', the 'navel', the 'skin'.
=648  \0$a21st Century (2001-2100)$1http://www.wikidata.org/entity/Q6939$920812
=650  \0$aFine art$1http://www.wikidata.org/entity/Q219625$921579
=650  \0$aCeramic$1http://www.wikidata.org/entity/Q45621$94083
=650  \0$aArtistic research$1http://www.wikidata.org/entity/Q20827087$921804
=650  \0$aInterdisciplinarity$1http://www.wikidata.org/entity/Q849359$927077
=700  \\$aBaert, Barbara$1http://www.wikidata.org/entity/Q24188437$4aut$917353
=700  \\$aMits, Trees De$1http://www.wikidata.org/entity/Q110318422$4aut$917354
=942  \\$cBOO
=952  \\$00$10$2ddc$40$6VIS_BAER$70$8VIS$915415$aORPH$bORPH$cKTS1_H$d2022-09-20$l0$oVIS BAER$p20118252$r2021-01-12 00:00:00$w2021-01-12$yBOO
=999  \\$d15417

