=LDR  02364aam a2200289   4500
=001  15418
=005  20250925143302.0
=008  130716s2008\\\\\\\\\\\\\\\\\\\\\\0\eng\d
=020  \\$a9789632271644
=041  \\$aeng
=100  \\$4edt$aLampert, Vera$917355
=245  \\$aFolk Music in Bartok's Compositions:$bA Source Catalog. Arab, Hungarian, Romanian, Ruthenian, Serbian, and Slovak Melodies
=260  \\$aBudapest$bHungarian Heritage House$c2008
=300  \\$a242 pages$eCD
=520  \\$aFolksong arrangements hold a significant place in Béla Bartók's oeuvre: more than a third of his compositions are folksong arrangements or contain movements built on folk music material. Moreover, the genre is not confined to certain style periods; it is present throughout Bartók's career. This catalog brings together all the folk melodies that appear in Bartók's compositions. They were selected from the documents of his ethnomusicological work: from the music books used in his collecting trips, from the master sheets containing his notations from phonograph recordings, and, occasionally, from his published collections. All the data pertaining to the original performances of the melodies - the singers' or performers' name, age, the place and time the song or instrumental piece was recorded, the collector's name in case it was not Bartók - can be found in the commentaries accompanying the melodies in the catalog. The accompanying CD contains all available surviving original recordings of the melodies.

=648  \0$a20th Century (1901-2000)$1http://www.wikidata.org/entity/Q6927$920936
=650  \0$aInfluence$1http://www.wikidata.org/entity/Q1307337$1http://www.wikidata.org/entity/Q16578639$922289
=650  \0$aFolk music$1http://www.wikidata.org/entity/Q43343$921594
=651  \0$aArabia$1http://www.wikidata.org/entity/Q57751375$925750
=651  \0$aHungary$1http://www.wikidata.org/entity/Q28$921233
=651  \0$aRomania$1http://www.wikidata.org/entity/Q218$922099
=651  \0$aRussia$1http://www.wikidata.org/entity/Q159$921008
=651  \0$aSerbia$1http://www.wikidata.org/entity/Q403$941143
=651  \0$aSlovakia$1http://www.wikidata.org/entity/Q214$925682
=942  \\$cBOO
=952  \\$00$10$2ddc$40$6BIO_BART_E$70$8BIO$915416$aORPH$bORPH$cKTS1_P$d2022-03-31$g72.00$oBIO BART e$p20129729$r2021-01-12 00:00:00$w2021-01-12$yBOO
=999  \\$d15418

