=LDR  01100aam a2200181   4500
=001  15419
=005  20250120120111.0
=008  170221s1948\\\\\\\\\\\\\\\\\\\\\\0\f
=041  \\$afre
=100  \\$aMeyerson, Ignace$4aut$917356
=245  \\$aLes fonctions psychologiques et les oeuvres
=260  \\$aParis$bLibrairie philosophique J. Vrin$c1948
=300  \\$a220
=520  \\$aConnu pour avoir effectué la traduction française de la Traumdeutung (L'Interprétation des rêves) de Sigmund Freud, I. Meyerson a également développé une psychologie historique. Partant du constat que l'homme est inscrit dans une culture, une époque et une société spécifiques, il considère que l'étude des _uvres humaines (relevant du langage, du droit, de la religion, des domaines artistique et scientifique) permet de comprendre les activités mentales, qui sont à leur origine.
=490  \\$aEtudes de psychologie et de philosophie$vIX
=942  \\$cBOO
=952  \\$00$10$2ddc$40$6PHI_MEYE_A$70$8PHI$915417$aORPH$bORPH$cKM12_3_2$d2021-08-04$oPHI MEYE a$p20133004$r2021-01-12 00:00:00$w2021-01-12$yBOO
=999  \\$c15419$d15419

