=LDR  01539aam a2200229   4500
=001  15426
=005  20250120120111.0
=008  190211s2019\\\\\\\\\\\\\\\\\\\\\\0\ger
=020  \\$a9783890078304
=041  \\$ager
=245  \\$aFormenlehre:$bein Lese- und Arbeitsbuch zur Instrumentalmusik des 18. und 19. Jahrhunderts
=260  \\$aLaaber$bLaaber-Verlag$c2019
=300  \\$a278 pages
=336  \\$aprinted
=520  \\$aVom Kleinen zum Großen, 'vom Menuett zur Symphonie'  das ist der Leitspruch, unter dem in diesem Lese- und Arbeitsbuch die wichtigsten Formen galanter, klassischer und romantischer Instrumentalmusik erklärt werden. Nach welchen Formprinzipien haben die Komponisten dieser Epochen ihre Werke entworfen? Was zeichnet die Sonatenformen aus? Welche Formen haben die Sätze des klassischen und romantischen Konzerts? Diese und viele weitere Fragen beantwortet das Buch in einem reichhaltigen historischen Kontext und gewährt so Einblicke in die kreative Werkstatt der Komponisten. Zahlreiche Aufgaben geben Anregungen zum weiterführenden Selbststudium.
=650  \0$aArtistic research$1http://www.wikidata.org/entity/Q20827087$921804
=650  \0$aMusical analysis$1http://www.wikidata.org/entity/Q1544924$92775
=700  \\$4aut$aDiergarten, Felix$917361
=700  \\$4aut$aNeuwirth, Marcus$920707
=942  \\$cBOO
=952  \\$00$10$2ddc$40$6MTP_1_000000000000000_DIER$70$8MTP$915424$aORPH$bORPH$cKM12_1$d2021-09-23$g29.52$l2$m2$oMTP1 DIER$p20134191$q2025-04-19$r2023-10-31 00:00:00$s2023-10-31$w2021-01-12$yBOO
=999  \\$d15426

