=LDR  00970aam a2200181   4500
=001  15428
=005  20250120120111.0
=008  190625s1982\\\\\\\\\\\\\\\\\\\\\\0\mul
=041  \\$ager$ager
=245  \\$aForum musicologicum III: Aktuelle Fragen der musikbezogenen Mittelalterforschung.$bTexte zu einem Basler Kolloquium des Jahres 1975
=260  \\$aWinterthur/Schweiz$bAmadeus$c1982
=300  \\$a456 pages
=520  \\$aDer Band bietet Texte und Materialien zu wichtigen aktuellen Grundfragen der Arbeit am Mittelalter: zur ein-wie mehrstimmigen Musik, zur instrumentalen Praxis, zum weltlichen Lied, zur Musik in der Liturgie und nicht zuletzt zur Musikanschauung.
=700  \\$4edt$aOesch, Hans$d1926-1992$1http://www.wikidata.org/entity/Q125164$917363
=700  \\$4edt$aArlt, Wulf$917364
=942  \\$cBOO
=952  \\$00$10$2ddc$40$6MTP_1_000000000000000_OESC$70$8REF$915426$aORPH$bORPH$cKM12_1$d2021-08-26$oMTP1 OESC$p20134417$r2021-01-12 00:00:00$w2021-01-12$yBOO
=999  \\$d15428

