=LDR  02217aam a2200193   4500
=001  15431
=005  20250120120041.0
=008  120111s2005\\\\\\\\\\\\\\\\\\\\\\0\e
=020  \\$a9780192805577
=041  \\$aeng
=100  \\$aGutting, Gary$4aut$916393
=245  \\$aFoucault: A very short introduction
=260  \\$aOxford$bOxford university press$c2005
=300  \\$a124
=520  \\$aFrom aesthetics to the penal system, and from madness and civilization to avant-garde literature, Foucault was happy to reject old models of thinking and replace them with fresh versions that are still being debated today. A major influence on Queer Theory and gender studies (he was openly gay and died of an AIDS-related illness in 1984), he also wrote on architecture, history, law, medicine, literature, politics, and of course philosophy. He even managed to write a best seller in France on a book dedicated to the history of systems of thought. Because he never succinctly stated his arguments, those trying to come to terms with Foucault's work have desperately sought introductory material to make his theories clear and accessible for the beginner.

Here, Gary Gutting presents a comprehensive but non-systematic treatment of some highlights of Foucault's life and thought. The book begins with a brief biography to set the social and political stage. It then considers Foucault's thoughts on literature, in particular the avant-garde scene, his philosophical and historical work and the reception he received from the historical community, his treatment of knowledge and power in modern society, and his thoughts on sexuality.

About the Series: Combining authority with wit, accessibility, and style, Very Short Introductions offer an introduction to some of life's most interesting topics. Written by experts for the newcomer, they demonstrate the finest contemporary thinking about the central problems and issues in hundreds of key topics, from philosophy to Freud, quantum theory to Islam.

=490  \\$aVery short introductions$v122
=942  \\$cBOO
=952  \\$00$10$2ddc$40$6PHI_FOUC_B_GUTT$70$8AES$915429$aORPH$bORPH$cKM12_3_2$d2021-08-09$oPHI FOUC b GUTT$p20133420$r2021-01-12 00:00:00$w2021-01-12$yBOO
=999  \\$c15431$d15431

