=LDR  01134aam a2200181   4500
=001  15432
=005  20230123102358.0
=008  141013s2013\\\\\\\\\\\\\\\\\\\\\\0\e
=020  \\$a9780748624218
=041  \\$ae
=100  \\$aWebb, David$4aut$917367
=245  \\$aFoucault's archaeology: Science and transformation
=260  \\$aEdinburgh$bEdinburgh University Press$c2013
=300  \\$a181
=520  \\$aPuts The Archaeology of Knowledge at the heart of Foucault's thought. David Webb reveals the extent to which Foucault's approach to language in The Archaeology of Knowledge was influenced by the mathematical sciences, adopting a mode of thought indebted to thinkers in the scientific and epistemological traditions. By aligning his thought with the challenge to Kantian philosophy from mathematics and science in the late-19th and early-20th centuries, he shows how Foucault established his own perspective on the future of critical philosophy.
=942  \\$cBOO
=952  \\$00$10$2ddc$40$6PHI_FOUC_B_WEBB$70$8PHI$915430$aORPH$bORPH$cKM12_3_2$d2021-08-09$g80.00$oPHI FOUC b WEBB$p20130548$r2021-01-12 00:00:00$w2021-01-12$yBOO
=999  \\$c15432$d15432

