=LDR  01207aam a2200193   4500
=001  15437
=005  20250120120111.0
=008  120904s2004\\\\\\\\\\\\\\\\\\\\\\0\eng
=020  \\$a9781403921451
=041  \\$aeng
=100  \\$aGrix, Jonathan$4aut$917371
=245  \\$aThe foundations of research
=260  \\$aNew York$bPalgrave Macmillan$c2004
=300  \\$a189 pages
=490  \\$aPalgrave study guides
=520  \\$aThis book offers advanced undergraduate and postgraduate students with an accessible introduction to the foundations of research in the human sciences. It covers the tools, terminology and research perspectives that researchers and students will need to know in order to engage in academic debate, and to successfully complete their long essays, dissertations and theses. A particular strength of this volume is its style: It is written to the student as opposed to just for them. Language is kept as clear as possible, especially when describing the basic assumptions upon which all research is built.
=942  \\$cBOO
=952  \\$00$10$2ddc$40$6REF_2_000000000000000_GRIX$70$8REF$915435$aORPH$bORPH$cKM12_1$d2021-08-24$g16.00$oREF2 GRIX$p20131135$r2021-01-12 00:00:00$w2021-01-12$yBOO
=999  \\$d15437

