=LDR  02855aam a2200325   4500
=001  15438
=005  20250925143302.0
=008  150422s1993\\\\\\\\\\\\\\\\\\\\\\0\e
=020  \\$a0791413330
=041  \\$aeng
=245  \\$aFounders of Constructive Postmodern Philosophy:$bPeirce, James, Bergson, Whitehead, and Hartshorne
=260  \\$aNew York$bState University of New York Press$c1993
=300  \\$a241 pages
=490  \\$aSUNY Series in Constructive Postmodern Thought
=520  \\$a"The work is useful, not only for its exploration of the theme of constructive postmodernism, but also for its presentation of the thought of some of the most important nineteenth and twentieth century philosophers. Each thinker is fascinating in his own right, and the chapters bring out intriguing, provocative aspects of the ideas of each with exceptional force and clarity. 

"The topic of constructive postmodernism is highly significant, not only because postmodernism is the focus of much current discussion in the humanities and social sciences, but also because it provides a way to focus on some of the deepest questions in the history of philosophical and religious thought." -- Donald A. Crosby, Colorado State University

In presenting Peirce, James, Bergson, Whitehead, and Hartshorne as members of a common and distinctively postmodern trajectory, this book casts the thought of each of them in a new light. It also suggests a new direction for the philosophical community as a whole, now that the various forms of modern philosophy, and even the deconstructive form of postmodern philosophy, are widely perceived to be dead-ends. This new option offers the possibility that philosophy may recover its role as critic and guide within the more general culture, a recovery that is desperately needed in these perilous times.
=600  \0$aPeirce, Charles Sanders$d1839-1914$1http://www.wikidata.org/entity/Q187520$921476
=600  \0$aJames, William$d1842-1910$1http://www.wikidata.org/entity/Q125249$919768
=600  \0$aBergson, Henri$d1859-1941$1http://www.wikidata.org/entity/Q42156$917172
=600  \0$aWhitehead, Alfred North$d1861-1947$1http://www.wikidata.org/entity/Q183372$920097
=600  \0$aHartshorne, Charles$d1897-2000$1http://www.wikidata.org/entity/Q1064777$921477
=648  \0$a20th Century (1901-2000)$1http://www.wikidata.org/entity/Q6927$920936
=650  \0$aPhilosophy$1http://www.wikidata.org/entity/Q5891$92357
=700  \\$4aut$aGriffin, David Ray$917372
=700  \\$4aut$aCobb, John B.$917373
=700  \\$4aut$aFord, Marcus P.$917374
=700  \\$4aut$aGunter, Pete A. Y.$917375
=700  \\$4aut$aOchs, Peter$917376
=942  \\$cBOO
=952  \\$00$10$2ddc$40$6PHI_PEIR_B_GRIF$70$8PHI$915436$aORPH$bORPH$cKM12_3_2$d2021-08-17$g67.00$oPHI PEIR b GRIF$p20136339$r2021-01-12 00:00:00$w2021-01-12$yBOO
=999  \\$c15438$d15438

