=LDR  01129aam a2200241   4500
=001  15445
=005  20250925143302.0
=008  140613s1981\\\\\\\\\\\\\\\\\\\\\\0\fre
=020  \\$a2729100903
=041  \\$afre
=100  \\$aDeleuze, Gilles$d1925-1995$4aut$1http://www.wikidata.org/entity/Q184226$915927
=245  \\$aFrancis Bacon :$bLogique de la sensation
=260  \\$aParis$bDe la différence$c1981
=300  \\$a2 vols. (112+81 pages)
=600  \0$aBacon, Francis$d1561-1626$1http://www.wikidata.org/entity/Q37388$94892
=648  \0$a20th Century (1901-2000)$1http://www.wikidata.org/entity/Q6927$920936
=650  \0$aPhilosophy$1http://www.wikidata.org/entity/Q5891$92357
=650  \0$aPostmodernism$1http://www.wikidata.org/entity/Q47783$923399
=651  \0$aFrance$1http://www.wikidata.org/entity/Q142$9131
=942  \\$cBOO
=952  \\$00$10$2ddc$3I$40$70$8COLL_UNK$915443$aORPH$bORPH$cLOC_UNK$d2022-01-21$g79.99$p20114622$r2021-01-12 00:00:00$w2021-01-12$yBOO
=952  \\$00$10$2ddc$3II : Peintures$40$70$8COLL_UNK$915444$aORPH$bORPH$cLOC_UNK$d2022-01-21$g79.99$p20114623$r2021-01-12 00:00:00$w2021-01-12$yBOO
=999  \\$d15445

