=LDR  02984aam a2200253   4500
=001  15447
=005  20250120120303.0
=008  130419s2013\\\\\\\\\\\\\\\\\\\\\\0\eng
=020  \\$a9780826479303
=041  \\$aeng$hfre
=100  \\$aDeleuze, Gilles$d1925-1995$4aut$1http://www.wikidata.org/entity/Q184226$915927
=245  \\$aFrancis Bacon:$bThe Logic of Sensation
=250  \\$a7nd ed.
=260  \\$aLondon$bBloomsbury$c2013
=300  \\$a151 pages
=520  \\$aTranslated and with an Introduction by Daniel W. Smith
 Afterword by Tom Conley 

Gilles Deleuze had several paintings by Francis Bacon hanging in his Paris apartment, and the painters method and style as well as his motifs of seriality, difference, and repetition influenced Deleuzes work. This first English translation shows us one of the most original and important French philosophers of the twentieth century in intimate confrontation with one of that centurys most original and important painters. 

In considering Bacon, Deleuze offers implicit and explicit insights into the origins and development of his own philosophical and aesthetic ideas, ideas that represent a turning point in his intellectual trajectory. First published in French in 1981, Francis Bacon has come to be recognized as one of Deleuzes most significant texts in aesthetics. Anticipating his work on cinema, the baroque, and literary criticism, the book can be read not only as a study of Bacons paintings but also as a crucial text within Deleuzes broader philosophy of art. 

In it, Deleuze creates a series of philosophical concepts, each of which relates to a particular aspect of Bacons paintings but at the same time finds a place in the general logic of sensation. Illuminating Bacons paintings, the nonrational logic of sensation, and the act of painting itself, this workpresented in lucid and nuanced translationalso points beyond painting toward connections with other arts such as music, cinema, and literature. Francis Bacon is an indispensable entry point into the conceptual proliferation of Deleuzes philosophy as a whole. 

Gilles Deleuze (19251995) was professor of philosophy at the University of Paris, VincennesSt. Denis. He coauthored Anti-Oedipus and A Thousand Plateaus with Félix Guattari. These works, as well as Cinema 1, Cinema 2, The Fold, Proust and Signs, and others, are published in English by Minnesota. 

=600  \0$aBacon, Francis$d1561-1626$1http://www.wikidata.org/entity/Q37388$94892
=648  \0$a16th Century (1501-1600)$1http://www.wikidata.org/entity/Q7017$920944
=648  \0$a17th Century (1601-1700)$1http://www.wikidata.org/entity/Q7016$920923
=650  \0$aPhilosophy$1http://www.wikidata.org/entity/Q5891$92357
=651  \0$aUnited Kingdom$1http://www.wikidata.org/entity/Q21$9273
=942  \\$cBOO
=952  \\$00$10$2ddc$40$6PHI_BACO_B_DELE$70$8PHI$915445$aORPH$bORPH$cLOC_UNK$d2022-09-08$g14.00$l0$oPHI BACO b DELE$p20113540$r2021-01-12 00:00:00$w2021-01-12$yBOO$Vamazon.co.uk
=999  \\$d15447

