=LDR  02206aam a2200181   4500
=001  15448
=005  20230123091942.0
=008  161219s1973\\\\\\\\\\\\\\\\\\\\\\0\e
=020  \\$a9024715687
=041  \\$aeng
=100  \\$aJacobs, Charles$d1934-1995$4aut$910993
=245  \\$aFrancisco Correa de Arauxo
=260  \\$aThe Hague$bMartinus Nijhoff$c1973
=300  \\$a99
=520  \\$aFrancisco Correa de Arauxo: how little does the name evoke for most musicians? Yet, this composer wrote music equal in interest and beauty to that of such better-known composers of his time as Bull, Titelouze, Gibbons, Sweelinck, and Frescobaldi. Unfortunately, Correa's music was published in a notation which, though excellent, was little-known beyond Spain. Only within the last twenty years has a complete -though regrettably deficient - edition of Correa's music become available. Cabezon, Correa de Arauxo's most significant immediate predecessor on the Hispanic musical scene (at least among keyboard composers whose music survives to any extent), figures among the greatest and most influential Renaissance composers. In Cabezon's works, the ricer car (known as tiento in Spain) and variations forms reached full de velopment. Manuel Rodrigues Coelho, Correa's Portuguese contemporary, al though working well into the seventeenth century, did not venture beyond the formal boundaries established by Cabezon. On the other hand, a number of late sixteenth-century Spanish composers - Francisco Peraza, and others whose works seem irretriev ably lost - apparently were writing music that incorporated into the contrapuntal flow of the tiento toccata-like episodes. The result, for mally, was similar in many respects to toccatas of late-Renaissance Italy. Formal sectionality also appears in the late sixteenth-century Italian ricercar, particularly in those known as canzone francese. This formal trait is present in music by composers of Naples, then under Spanish dominion, and Venice. Correa could not have been working in cultural semi-isolation.
=942  \\$cBOO
=952  \\$00$10$2ddc$40$6BIO_CORR_E$70$8BIO$915446$aORPH$bORPH$cKTS1_P$d2021-10-19$oBIO CORR e$p20129944$r2021-01-12 00:00:00$w2021-01-12$yBOO
=999  \\$c15448$d15448

