=LDR  01029aam a2200241   4500
=001  15450
=005  20250925143302.0
=008  120217s1993\\\\\\\\\\\\\\\\\\\\\\0dfre\d
=020  \\$a2213030200
=041  \\$afre
=100  \\$aPoulenc, Francis$d1899-1963$1http://www.wikidata.org/entity/Q191408$4crp$97614
=245  \\$aCorrespondance 1910-1963
=260  \\$aParis$bFayard$c1993
=300  \\$a1128 pages
=590  \\$aréunie, choisie, présentée et annotée par Myriam Chimènes
=648  \0$a20th Century (1901-2000)$1http://www.wikidata.org/entity/Q6927$920936
=650  \0$aComposer$1http://www.wikidata.org/entity/Q36834$93625
=650  \0$aCorrespondence$1http://www.wikidata.org/entity/Q1784733$921392
=651  \0$aFrance$1http://www.wikidata.org/entity/Q142$9131
=700  \\$aChimènes, Myriam$1http://www.wikidata.org/entity/Q55625589$4edt$917387
=942  \\$cBOO
=952  \\$00$10$2ddc$40$6BIO_POUL_A$70$8BIO$915448$aORPH$bORPH$cKTS1_P$d2021-10-19$oBIO POUL a$p20129776$r2021-01-12 00:00:00$w2021-01-12$yBOO
=999  \\$d15450

