=LDR  00913aam a2200217   4500
=001  15456
=005  20250121142131.0
=008  111018s2002\\\\\\\\\\\\\\\\\\\\\\0bfre\d
=041  \\$afre
=100  \\$aDratwicki, Benoît$4aut$917396
=245  \\$aFrançois-Joseph Gossec (1734-1829)
=260  \\$aVersailles$bCentre de Musique Baroque de Versailles$c2002
=300  \\$a214 pages
=648  \0$a18th Century (1701-1800)$1http://www.wikidata.org/entity/Q7015$920899
=648  \0$a19th Century (1801-1900)$1http://www.wikidata.org/entity/Q6955$920935
=650  \0$aComposer$1http://www.wikidata.org/entity/Q36834$93625
=650  \0$aBiography$1http://www.wikidata.org/entity/Q36279$91927
=651  \0$aFrance$1http://www.wikidata.org/entity/Q142$9131
=942  \\$cBOO
=952  \\$00$10$2ddc$40$6BIO_GOSS_D$70$8BIO$915454$aORPH$bORPH$cKTS1_P$d2022-05-11$oBIO GOSS d$p20130094$r2021-01-12 00:00:00$w2021-01-12$yBOO
=999  \\$d15456

