=LDR  00975aam a2200169   4500
=001  15461
=005  20230123102402.0
=008  120716s2002\\\\\\\\\\\\\\\\\\\\\\0\dut
=100  \\$aVan Landeghem, Stefan$4aut$917399
=245  \\$aFrans Liszt, de radicale vernieuwer van de romantische muziek en de voorbode van de 20ste eeuw.$bHarmonische, melodische en structurele vernieuwingen in de 19de eeuwse muziek als grondlegging van de 20ste eeuwse muziek
=260  \\$aGhent$bOrpheus Instituut$c2002
=300  \\$a143 pages
=520  \\$aScriptie ingediend tot het bekomen van de titel Laureaat van het Orpheus Instituut. Mentor: Levente Kende
=942  \\$cDIS
=952  \\$00$10$2ddc$40$6MTP_5_000000000000000_VANL$70$8MTP$915460$aORPH$bORPH$cKM12_1$d2021-08-31$oMTP5 VANL$p20131399$r2021-01-12 00:00:00$w2021-01-12$yDIS
=952  \\$00$10$2ddc$40$6MTP_5_000000000000000_VANL$70$8MTP$920510$aORPH$bORPH$cKM12_1$d2021-08-31$l0$oMTP5 VANL$p20131400$r2021-09-02 00:00:00$w2021-01-12$yDIS
=999  \\$d15461

