=LDR  01324aam a2200277   4500
=001  15467
=005  20250120120622.0
=008  201007s1993\\\\\\\\\\\\\\\\\\\\\\0dger\d
=020  \\$a3795207622
=041  \\$ager
=245  \\$aFranz Schubert Dokumente
=260  \\$aTutzing$bSchneider$c1993
=300  \\$a2 vols. (683+809 pages)
=490  \\$aVeröffentlichungen des Internationalen Franz Schuberts Instituts$v10/I-II
=600  \0$aSchubert, Franz$d1797-1828$1http://www.wikidata.org/entity/Q7312$96183
=648  \0$a19th Century (1801-1900)$1http://www.wikidata.org/entity/Q6955$920935
=650  \0$aComposer$1http://www.wikidata.org/entity/Q36834$93625
=650  \0$aReception$1http://www.wikidata.org/entity/Q1791660$925021
=651  \0$aVienna (Austria)$1http://www.wikidata.org/entity/Q1741$920937
=700  \\$aWaidelich, Till Gerrit$4edt$917403
=700  \\$aHilmar-Voit, Renate$4edt$917404
=700  \\$aMayer, Andreas$4edt$917405
=942  \\$cBOO
=952  \\$00$10$2ddc$3Zweiter Band: Kommentar$40$6BIO_SCHU1_B$70$8BIO$915465$aORPH$bORPH$cKTS1_P$d2021-10-19$g50.00$oBIO SCHU1 b$p20129600$r2021-01-12 00:00:00$w2021-01-12$yBOO
=952  \\$00$10$2ddc$3Erster Band: Texte$40$6BIO_SCHU1_B$70$8BIO$915466$aORPH$bORPH$cKTS1_P$d2021-10-19$g50.00$oBIO SCHU1 b$p20129601$r2021-01-12 00:00:00$w2021-01-12$yBOO
=999  \\$d15467

