=LDR  01061aam a2200253   4500
=001  15468
=005  20250821124556.0
=008  201007s2002\\\\\\\g\\\\\\\\\\\\\\0\ger\d
=020  \\$a3487059649
=041  \\$ager
=100  \\$4aut$aKöltzsch, Hans$917406
=245  \\$aFranz Schubert in seinen Klaviersonaten
=250  \\$a3rd ed.
=260  \\$aHildesheim$bOlms$c2002
=300  \\$a182 pages
=490  \\$aSammlung musikwissenschaftlicher Einzeldarstellungen$v7
=600  \0$aSchubert, Franz$d1797-1828$1http://www.wikidata.org/entity/Q7312$96183
=648  \0$a19th Century (1801-1900)$1http://www.wikidata.org/entity/Q6955$920935
=650  \0$aPiano$1http://www.wikidata.org/entity/Q5994$1http://www.wikidata.org/entity/Q1521313$92127
=650  \0$aSonata$1http://www.wikidata.org/entity/Q131269$921653
=651  \0$aVienna (Austria)$1http://www.wikidata.org/entity/Q1741$920937
=942  \\$cBOO
=952  \\$00$10$2ddc$40$6BIO_SCHU1_E$70$8BIO$915467$aORPH$bORPH$cKTS1_P$d2021-10-19$g15.00$oBIO SCHU1 e$p20129606$r2021-01-12 00:00:00$w2021-01-12$yBOO
=999  \\$d15468

