=LDR  00637aam a2200169   4500
=001  15471
=005  20230123102404.0
=008  150226s2012\\\\\\\\\\\\\\\\\\\\\\0\d
=020  \\$a9783200028982
=041  \\$ad
=100  \\$4Rektor der kunstuniversität Graz$aSchulz, Georg$917408
=245  \\$aFranz Schubert und die musik der moderne: 8. internationaler wettbewerb: 08-16.02.2012, Graz - Austria
=260  \\$aGraz$bKunstuniversität Graz$c2012
=300  \\$a309
=942  \\$cBOO
=952  \\$00$10$2ddc$40$6BIO_SCHU1_E$70$8BIO$915470$aORPH$bORPH$cKTS1_P$d2021-10-19$g9.00$oBIO SCHU1 e$p20130095$r2021-01-12 00:00:00$w2021-01-12$yBOO
=999  \\$c15471$d15471

