=LDR  01528aam a2200193   4500
=001  15472
=005  20250109133530.0
=008  160222s2015\\\\\\\\\\\\\\\\\\\\\\0\eng
=020  \\$a9789264238800
=041  \\$aeng
=110  \\$aOECD$4edt$1http://www.wikidata.org/entity/Q41550$922081
=245  \\$aFrascati manual 2015: Guidelines for collecting and reporting data on research and experimental development
=260  \\$aParis$bOECD publishing$c2015
=300  \\$a398 pages
=490  \\$aThe Measurement of Scientific, Technological and Innovation ActivitiesThe Measurement of Scientific, Technological and Innovation Activities
=520  \\$aThe internationally recognised methodology for collecting and using R&D statistics, the OECD's Frascati Manual is an essential tool for statisticians and science and innovation policy makers worldwide. It includes definitions of basic concepts, data collection guidelines, and classifications for compiling R&D statistics. This updated edition contains improved guidelines reflecting recent changes in the way R&D takes place and is funded and the wider use of R&D statistics and definitions. It provides new chapters dedicated to the pratical aspects of collecting R&D data in different sectors, as well as new guidance on capturing different aspects of public support for R&D such as tax incentives.
=942  \\$cBOO
=952  \\$00$10$2ddc$40$6REF_2_000000000000000_OCED$70$8REF$915471$aORPH$bORPH$cKM12_1$d2021-08-24$g50.00$oREF2 OCED$p20131161$r2021-01-12 00:00:00$w2021-01-12$yBOO
=999  \\$d15472

