=LDR  02113aam a2200241   4500
=001  15475
=005  20250925143302.0
=008  180531s2006\\\\\\\\\\\\\\\\\\\\\\0\eng
=020  \\$a9780826491091
=041  \\$aeng
=100  \\$aBuchanan, Ian$4aut$916768
=245  \\$aFredric Jameson:$bLive Theory
=260  \\$aLondon$aNew York, NY$bContinuum$c2006
=300  \\$a140 pages
=520  \\$aWidely regarded as one of America's most important cultural theorists, Fredric Jameson has been at the forefront of the field of literary and cultural studies since the early 1970s. Author of 'The Political Unconscious: Narrative as a Socially Symbolic Act' and 'Postmodernism, or, the Cultural Logic of Late Capitalism', Jameson is without doubt one of the leading intellectuals of our time. 'Fredric Jameson: Live Theory' offers an introduction to the work of this important thinker. Ian Buchanan explores and illuminates how Jameson forms his concepts and how they operate, providing an account of Jameson's important and ongiong contributions to Critical Theory. The book provides a clear sense of his overall project and the marvellous productivity of his thinking. Motivated by a desire to inaugurate social change by illuminating the obstacles standing in its way, the aim of Jameson's work is to dishabituate us from the comfortable feeling that modern life is enhanced by the global grip of capitalism. The book concludes with a new interview with Jameson himself, in which he discusses the key themes and issues in his work and future directions for the Jamesonian project.
=648  \0$a20th Century (1901-2000)$1http://www.wikidata.org/entity/Q6927$920936
=650  \0$aPhilosopher$1http://www.wikidata.org/entity/Q4964182$926399
=650  \0$aPhilosophy$1http://www.wikidata.org/entity/Q5891$92357
=650  \0$aPostmodernism$1http://www.wikidata.org/entity/Q47783$923399
=651  \0$aUSA$1http://www.wikidata.org/entity/Q30$943
=942  \\$cBOO
=952  \\$00$10$2ddc$40$6PHI_JAME_B_BUCH$70$8PHI$915474$aORPH$bORPH$cKM12_3_2$d2021-08-11$oPHI JAME b BUCH$p20133770$r2021-01-12 00:00:00$w2021-01-12$yBOO
=999  \\$d15475

