=LDR  01332aam a2200193   4500
=001  15481
=005  20230123102405.0
=008  120111s2004\\\\\\\\\\\\\\\\\\\\\\0\e
=020  \\$a9780192853585
=041  \\$aeng
=100  \\$aPink, Thomas$4aut$917416
=245  \\$aFree will: A very short introduction
=260  \\$aOxford$bOxford university press$c2004
=300  \\$a132
=520  \\$aEvery day we seem to make and act upon all kinds of choices: some trivial, others so consequential that they change the course of one's life, or even the course of history. But are these choices really free, or are we compelled to act the way we do by factors beyond our control? Is the feeling that we could have made different decisions just an illusion? And if our choices are not free, is it legitimate to hold people morally responsible for their actions?
Thomas Pink looks at the fundamental philosophical question of free will, critically examining the claim: If our actions are causally determined by events beyond our control, that means that we can never act freely, and so can never be held responsible for our actions.
=490  \\$aVery short introductions$v110
=942  \\$cBOO
=952  \\$00$10$2ddc$40$6PHI_PINK_A$70$8PHI$915481$aORPH$bORPH$cKM12_3_2$d2021-08-17$oPHI PINK a$p20133897$r2021-01-12 00:00:00$w2021-01-12$yBOO
=999  \\$c15481$d15481

