=LDR  00575aam a2200157   4500
=001  15485
=005  20250120120052.0
=008  170213s1922\\\\\\\\\\\\\\\\\\\\\\0\d
=041  \\$ager
=100  \\$4aut$aCassirer, Ernst$d1874-1945$1http://www.wikidata.org/entity/Q57188$916792
=245  \\$aFreiheit und Form: Studien zur Deutschen Geistesgeschichte
=260  \\$aBerlin$bBruno Cassirer$c1922
=300  \\$a574
=942  \\$cBOO
=952  \\$00$10$2ddc$40$6PHI_CASS_A$70$8PHI$915485$aORPH$bORPH$cKM12_3_2$d2021-08-03$oPHI CASS a$p20132925$r2021-01-12 00:00:00$w2021-01-12$yBOO
=999  \\$c15485$d15485

