=LDR  01163aam a2200241   4500
=001  15486
=005  20250910145138.0
=008  170927s1988\\\\\\\ah\\\\\\\\\\\\\0\eng\d
=020  \\$a0950921122
=041  \\$aeng
=100  \\$4edt$aEverist, Mark$915895
=245  \\$aFrench 13th-century Polyphony in the British Library:$bA Facsimile Edition of the Manuscripts Additional 30091 and Egerton 2615 (folios 79-94*)
=260  \\$aLondon$bThe plainsong and mediaeval music society$c1988
=300  \\$a71 pages
=610  \0$aBritish Library (London, United Kingdom)$1http://www.wikidata.org/entity/Q23308$91593
=648  \0$aMiddle Ages (500-1400)$1http://www.wikidata.org/entity/Q12554$920964
=650  \0$aManuscript$1http://www.wikidata.org/entity/Q87167$92275
=650  \0$aVocal music$1http://www.wikidata.org/entity/Q685884$93319
=650  \0$aPlainchant$1http://www.wikidata.org/entity/Q2707688$921363
=650  \0$aPolyphony$1http://www.wikidata.org/entity/Q179465$926381
=942  \\$cBOO
=952  \\$00$10$2ddc$40$6BIB_4_000000000000000_GB_LON$70$8BIB$915486$aORPH$bORPH$cKTS0$d2025-09-10$l0$oBIB4 GB.LON$p20130649$r2021-01-12 00:00:00$w2021-01-12$yBOO
=999  \\$d15486

