=LDR  00761aam a2200169   4500
=001  15488
=005  20230123102406.0
=008  190603r19821971\\\\\\\\\\\\\\\\\\0\eng
=041  \\$aeng
=100  \\$aHasselman, Margaret Paine$4aut$917420
=245  \\$aThe french chanson in the fourteenth century
=260  \\$aMichigan$bUniversity microfilms international$c1982 (1971)
=300  \\$a251 -187 pages
=520  \\$aSubmitted in partial satisfaction of the requirements for the degree of Doctor of Philosophy in Music in the Graduate Division of the University of California, Berkeley, 1970
=942  \\$cDIS
=952  \\$00$10$2ddc$40$6MTP_5_000000000000000_HASS$70$8MTP$915488$aORPH$bORPH$cKM12_1$d2021-08-31$oMTP5 HASS$p20131357$r2021-01-12 00:00:00$w2021-01-12$yDIS
=999  \\$d15488

