=LDR  04065aam a2200409   4500
=001  15490
=005  20251001162313.0
=008  120203s2000\\\\\\\g\\\\\\\\\\\\\\0\eng\d
=020  \\$a9780860787822
=041  \\$aeng
=100  \\$aCharlton, David$4aut$917207
=245  \\$aFrench Opera 1730-1830:$bMeaning and Media
=260  \\$aAldershot$aBrookfield$aSingapore$aSydney$bAshgate$c2000
=300  \\$a353 pages
=490  \\$aVariorum Collected Studies Series
=505  \\$gPreface -- Continuing Polaritiues: Opera Theory and opéra-comique -- Orchestra and Chorus at the Comédie-Italienne (Opéra-Comique), 1755-1799 -- The Overture to Philidor's Le Bûcheron (1763) -- 'Envoicing' the Orchestra: Enlightenment Metaphors in Theory and Practice -- 'Minuet-Scenes' in Early opéra-comique -- Motive and Motif: Méhul before 1791 -- Motif and Recollection in Four Operas of Dalayrac -- The French Theatrical Origins of Fidelio -- Storms, Sacrifices: the 'Melodrama Model' in Opéra -- Ossian, Le Sueur and Opera -- The Dramaturgy of 'Grand Opera': Some Origins -- On the Nature of 'Grand Opera' -- 'A maître d'orchestre... conducts': New and Old Evidence on French Practice
=520  \\$aDrawing upon archival research and musicological theory, these essays investigate distinctive qualities in French opera from early opera comique to early grand opera. "Media" is interpreted in terms of both narrative systems and practical theatre resources. One group of essays identifies narrative systems in "minuet-scenes", in the diegetic romance, and in the special uses of musical motives. Another group concerns the theory and aesthetics of opera, in which uses of metaphor help us interpret audience reception. A third group focuses on orchestral and staging practices, brought together in a new theory of the "melodrama model" linking various genres from the 1780s with the world of the 1820s. French opera's relation with literature and politics is a continuing theme, explored in writings on prison scenes, Ossian and public-private dramaturgy in grand opera. The selection of David Charlton's presented here focuses on the period 1730-1830, when Paris was a hotbed of influential ideas in music and music theatre, with many of these ideas taken up by foreign composers. This volume assesses the French contribution to the development of Classical and Romantic styles and genres which has hitherto been neglected in the literature.
=600  \0$aPhilidor, François-André Danican$d1726-1795$1http://www.wikidata.org/entity/Q203229$918157
=600  \0$aDalayrac, Nicolas$d1753-1809$1http://www.wikidata.org/entity/Q952520$96382
=600  \0$aLe Sueur, Jean-François$d1760-1837$1http://www.wikidata.org/entity/Q559659$98681
=600  \0$aMéhul, Étienne Nicolas$d1763-1817$1http://www.wikidata.org/entity/Q364020$96654
=600  \0$aBeethoven, Ludwig van$d1770-1827$1http://www.wikidata.org/entity/Q255$95335
=600  \0$aBerlioz, Hector$d1803-1869$1http://www.wikidata.org/entity/Q1151$99542
=610  \0$aOpéra (Paris, France)$1http://www.wikidata.org/entity/Q283339$920898
=610  \0$aOpéra-Comique (Paris, France)$1http://www.wikidata.org/entity/Q872222$920953
=648  \0$a18th Century (1701-1800)$1http://www.wikidata.org/entity/Q7015$920899
=648  \0$a19th Century (1801-1900)$1http://www.wikidata.org/entity/Q6955$920935
=650  \0$aOpera$1http://www.wikidata.org/entity/Q1344$92468
=650  \0$aMusic history$1http://www.wikidata.org/entity/Q846047$921373
=650  \0$aMusic philosophy and aesthetics$1http://www.wikidata.org/entity/Q2092865$921165
=650  \0$aOrchestra$1http://www.wikidata.org/entity/Q42998$93159
=650  \0$aConducting$1http://www.wikidata.org/entity/Q6989196$92392
=650  \0$aMinuet$1http://www.wikidata.org/entity/Q205734$93918
=651  \0$aFrance$1http://www.wikidata.org/entity/Q142$9131
=942  \\$cBOO
=952  \\$00$10$2ddc$40$6TOP_FR_5_000000000000000$70$8TOP$915490$aORPH$bORPH$cKTS0$d2022-05-10$l1$m2$oTOP FR 5$p20130874$r2022-06-16 00:00:00$s2022-05-10$w2021-01-12$yBOO
=999  \\$d15490

