=LDR  01403acc a2200241   4500
=001  15491
=005  20250120120150.0
=008  180222i19701972\\\\\\\\\\\\\\\\\\0\eng\d
=041  \\$aeng$dfrm
=100  \\$4edt$aApel, Willi$d1893-1988$1http://www.wikidata.org/entity/Q215916$99146
=245  \\$aFrench Secular Compositions of the Fourteenth Century
=250  \\$a1st ed.
=260  \\$aWisconsin$bAmerican Institute of Musicology$c1970-72
=300  \\$a3 vols. (lxxv-230+xxxiii-104+lxiv-223 pages)$c35 cm
=490  \\$aCorpus Mensurabilis Musicæ$v53
=505  \\$gI. Ascribed compositions -- II. Anonymous ballades -- III. Anonymous virelais, rondeaux, chansons, canons (appendix: compositions with Latin texts) 
=648  \0$aMiddle Ages (500-1400)$1http://www.wikidata.org/entity/Q12554$920964
=650  \0$aVocal music$1http://www.wikidata.org/entity/Q685884$93319
=942  \\$cSCO
=952  \\$00$10$2ddc$3vol. 1$40$6SCO_MISC_APEL$70$8SCO$915491$aORPH$bORPH$cKTS1_H$d2022-08-31$g51.00$l0$oSCO MISC APEL$p20134623$r2021-01-12 00:00:00$w2021-01-12$ySCO
=952  \\$00$10$2ddc$3vol. 2$40$6SCO_MISC_APEL$70$8SCO$915492$aORPH$bORPH$cKTS1_H$d2022-08-31$g26.00$l0$oSCO MISC APEL$p20134587$r2021-01-12 00:00:00$w2021-01-12$ySCO
=952  \\$00$10$2ddc$3vol. 3$40$6SCO_MISC_APEL$70$8SCO$915493$aORPH$bORPH$cKTS1_H$d2022-08-31$g148.00$l0$oSCO MISC APEL$p20134586$r2021-01-12 00:00:00$w2021-01-12$ySCO
=999  \\$d15491

