=LDR  02260aam a2200253   4500
=001  15498
=005  20250120120113.0
=008  120330s1999\\\\\\\\\\\\\\\\\\\\\\0\dut
=020  \\$a9789043900355
=041  \\$adut$hger
=100  \\$4aut$aJanz, Curt Paul$917427
=245  \\$aFriedrich Nietzsche:$bComplete biografie
=260  \\$aBaarn$bTirion$c1999
=300  \\$a503 pages
=520  \\$aBij geen andere filosoof zijn leven en werk zo onlosmakelijk met elkaar verbonden als bij Friedrich Nietzsche. De auteur Curt Paul Janz is bij de samenstelling van deze complete, tweedelige biografie met grote nauwgezetheidd te werk gegaan en heeft alle mogelijke bronnen bij zijn onderzoek betrokken: van het Goethe- Schillerarchief in Weimar, de universiteitsbibliotheek en het staatsarchief in Bazel tot privé-collecties, persoonlijke ontboezemingen van mensen uit Nietzsches omgeving en de dagboeken van Cosima Wagner. Ondanks de omvang van deze biografie weet Curt Paul Janz een hoge mate van spanning te handhaven. De lezer leert niet alleen de persoonlijkheid van Friedrich Nietzsche kennen, maar ook de mensen uit zijn omgeving worden met grote levendigheid beschreven. Bovendien schildert Janz een helder beeld van het geestelijk klimaat en de politieke verhoudingen tijdens het leven van de filosoof. In het eerste deel van de biografie beschrijft de auteur de jeugd en studententijd van Friedrich Nietzsche en zijn tien jaar durende professoraat in Bazel. Het tweede deel beslaat de periode waarin Nietzsche zich vrijelijk met de filosofie bezighield, de periode waarin al zijn geschriften ontstaan zijn, zijn erkenning kwamen zijn tragische levenseinde.

=600  \0$aNietzsche, Friedrich Wilhelm$d1844-1900$1http://www.wikidata.org/entity/Q9358$915868
=648  \0$a19th Century (1801-1900)$1http://www.wikidata.org/entity/Q6955$920935
=650  \0$aPhilosophy$1http://www.wikidata.org/entity/Q5891$92357
=650  \0$aBiography$1http://www.wikidata.org/entity/Q36279$91927
=651  \0$aGermany$1http://www.wikidata.org/entity/Q183$9155
=700  \\$4trl$aWalraven, C.$917428
=942  \\$cBOO
=952  \\$00$10$2ddc$40$6BIO_NIET_D$70$8BIO$915498$aORPH$bORPH$cKTS1_P$d2021-10-19$g720.00$oBIO NIET d$p20130919$r2021-01-12 00:00:00$w2021-01-12$yBOO
=999  \\$d15498

