=LDR  02243aam a2200193   4500
=001  15499
=005  20230123102407.0
=008  150513s2004\\\\\\\\\\\\\\\\\\\\\\0\d
=020  \\$a363152191X
=041  \\$ager
=100  \\$aHong, Wen-Tsien$4aut$917429
=245  \\$aFriedrich Nietzsche und die musik im Spiegel der kompositions- und geistesgeschichte des 19. jahrhunderts: Komposition, philosophie, rezeption
=260  \\$aFrankfurt$bPeter Lang$c2004
=300  \\$a279
=520  \\$aMusik war für Friedrich Nietzsche ein zentraler Erfahrungs- und Erkenntnisgegenstand. Nicht zuletzt die fortgesetzte Auseinandersetzung mit Musik ermöglichte es ihm, eine in der Philosophiegeschichte einzigartige Synthese von Kunst und Philosophie hervorzubringen. Biographie, Zeitgeschichte, Werkanalyse und Rezeptionsgeschichte dienen in dieser Studie als Methoden der Interpretation dieser ungewöhnlichen Querverbindung. Die Analyse der von Nietzsche selbst geschaffenen Kompositionen belegt, wie sich Nietzsche auf der Grundlage seiner bürgerlichen musikalischen Sozialisation das kompositorische Vokabular der Vorbilder Schubert, Schumann, Liszt und Wagner aneignete, das er in seinem Liedschaffen in teils durchaus eigenständige musikalische Schöpfungen formte. Im Kontext der Schlüsselerfahrung von Wagners Musik bilden Mythos und «Heldenlogik» eine wichtige Grundlage für die Musikalisierung von Nietzsches Denken, das sich insbesondere anhand der musikanalogen Gestaltung von Also sprach Zarathustra nachweisen lässt. Als herausragendes Beispiel einer Rezeption von Nietzsches Denken erweist sich schließlich das symphonische Weltbild Gustav Mahlers, das Nietzsches Musik-Philosophie für die Moderne fruchtbar macht.

Aus dem Inhalt: Friedrich Nietzsche als Komponist  Mythos und «Heldenlogik» bei Nietzsche und Wagner  Musikalische Konstruktion und Komposition in Nietzsches Also sprach Zarathustra  Nietzsches Also sprach Zarathustra im Werk Gustav Mahlers  Die musikalische Biographie Nietzsches.
=490  \\$aReihe XXXVI Musikwissenschaft$v238
=942  \\$cBOO
=952  \\$00$10$2ddc$40$6PHI_NIET_B_HONG$70$8PHI$915499$aORPH$bORPH$cKM12_3_2$d2021-08-10$g68.00$oPHI NIET b HONG$p20133507$r2021-01-12 00:00:00$w2021-01-12$yBOO
=999  \\$c15499$d15499

