=LDR  01323aam a2200181   4500
=001  15501
=005  20250120120113.0
=008  130916s2002\\\\\\\\\\\\\\\\\\\\\\0\e
=020  \\$a9780415157872
=041  \\$aeng
=100  \\$aAuslander, Philip$4aut$917431
=245  \\$aFrom Acting to Performance: Essays in modernism and postmodernism
=260  \\$aLondon$bTaylor & Francis$c2002
=300  \\$a173
=520  \\$aFrom Acting to Performance collects for the first time major essays by performance theorist and critic Philip Auslander. Together these essays provide a survey of the changes in acting and performance during the crucial transition from the ecstatic theatre of the 1960s to the ironic postmodernism of the 1980s.
Auslander examines performance genres ranging from theatre and dance to performance art and stand-up comedy. In doing so he discusses an impressive line-up of practitioners including Antonin Artaud, Jerzy Grotowski, Peter Brook, Willem Dafoe, the Wooster Group, Augusto Boal, Kate Bornstein, and Orlan.
From Acting to Performance is a must for all students and scholars interested in contemporary theatre and performance.
=942  \\$cBOO
=952  \\$00$10$2ddc$40$6LIT_AUSL_A$70$8LIT$915501$aORPH$bORPH$cKM12_2_H$d2021-08-30$g25.22$oLIT AUSL a$p20131306$r2021-01-12 00:00:00$w2021-01-12$yBOO
=999  \\$c15501$d15501

