=LDR  00687aam a2200205   4500
=001  15523
=005  20250120120113.0
=008  111129s1983\\\\\\\\\\\\\\\\\\\\\\0\e
=020  \\$a9789027715210
=041  \\$aeng
=100  \\$4aut$aGraham, Loren$917451
=100  \\$4aut$aLepenies, Wolf$917452
=100  \\$4aut$aWeingart, Peter$917453
=245  \\$aFunctions and uses of disciplinary histories
=260  \\$aDordrecht$bKluwer$c1983
=300  \\$a307
=490  \\$aSociology of the sciences. A yearbook$vVII
=942  \\$cBOO
=952  \\$00$10$2ddc$40$6PHI_GRAH_A$70$8PHI$915523$aORPH$bORPH$cKM12_3_2$d2021-08-11$g81.00$oPHI GRAH a$p20133686$r2021-01-12 00:00:00$w2021-01-12$yBOO
=999  \\$c15523$d15523

