=LDR  01460aam a2200217   4500
=001  15526
=008  160411s2011\\\\-ukaf\\\\\\\\\\\\\0\eng\d
=020  \\$a9782940411764
=041  \\$aeng
=245  \\$aThe Fundamentals of Typography
=250  \\$a2
=260  \\$aLondon$bBloomsbury$c2011
=300  \\$a192 pages
=520  \\$aThe Fundamentals of Typography (second edition) is an updated version of the popular first edition of this book, in which Ambrose and Harris introduce the fundamental principles of typographic theory and practice. It covers a wide range of subjects, including the history of typography, typographic detailing and the use of creative typography across a range of media. Packed with clear explanations, expanded illustrations and historical and contemporary examples from leading practitioners around the world, this book offers an essential guide to the subject of typography and its role within graphic design. The second edition includes considerable new and revised content from the authors, including new case studies and student exercises.
=650  \0$aBookbinding$1http://www.wikidata.org/entity/Q240471$94369
=650  \0$aGraphic design (Typography)$91931
=700  \\$aAmbrose, Gavin$4edt$917456
=700  \\$aHarris, Paul$4edt$917457
=942  \\$cBOO
=952  \\$00$10$2ddc$40$6BIB_2_000000000000000_AMBR$70$8BIB$915526$aORPH$bORPH$cKTS0$d2023-12-07$g23.00$l0$oBIB2 AMBR$p20126036$r2021-01-12 00:00:00$w2021-01-12$yBOO
=999  \\$d15526

