=LDR  02726aam a2200217   4500
=001  15532
=005  20250120120113.0
=008  190207s2004\\\\\\\\\\\\\\\\\\\\\\0\eng
=020  \\$a9780231127714
=041  \\$aeng
=100  \\$4aut$aKoselleck, Reinhart$917461
=245  \\$aFutures Past:$bOn the Semantics of Historical Time
=260  \\$aNew York$bColumbia University Press$c2004
=300  \\$a317 pages
=520  \\$aModernity in the late eighteenth century transformed all domains of European life -intellectual, industrial, and social. Not least affected was the experience of time itself: ever-accelerating change left people with briefer intervals of time in which to gather new experiences and adapt. In this provocative and erudite book Reinhart Koselleck, a distinguished philosopher of history, explores the concept of historical time by posing the question: what kind of experience is opened up by the emergence of modernity? Relying on an extraordinary array of witnesses and texts from politicians, philosophers, theologians, and poets to Renaissance paintings and the dreams of German citizens during the Third Reich, Koselleck shows that, with the advent of modernity, the past and the future became 'relocated' in relation to each other.The promises of modernity -freedom, progress, infinite human improvement -produced a world accelerating toward an unknown and unknowable future within which awaited the possibility of achieving utopian fulfillment. History, Koselleck asserts, emerged in this crucial moment as a new temporality providing distinctly new ways of assimilating experience. In the present context of globalization and its resulting crises, the modern world once again faces a crisis in aligning the experience of past and present. To realize that each present was once an imagined future may help us once again place ourselves within a temporality organized by human thought and humane ends as much as by the contingencies of uncontrolled events.
ABOUT THE AUTHOR
Reinhart Koselleck, now retired, was previously professor of historical theory at the University of Bielefeld, Germany. He is the author of The Practice of Conceptual History and Critique and Crisis.Keith Tribe was Reader in Economics at Keele University, UK, until 2002. He is now a private scholar and rowing coach at the King's School, Worcester.
=650  \0$aPhilosophy$1http://www.wikidata.org/entity/Q5891$92357
=650  \0$aTobacco$1http://www.wikidata.org/entity/Q1566$921475
=700  \\$4trl$aTribe, Keith$917462
=942  \\$cBOO
=952  \\$00$10$2ddc$40$6PHI_KOSE_A$70$8PHI$915532$aORPH$bORPH$cKM12_3_2$d2022-01-05$g25.00$l1$m1$oPHI KOSE a$p20117860$q2022-03-02$r2021-03-10 00:00:00$s2021-03-10$w2021-01-12$yBOO
=999  \\$d15532

