=LDR  01088aam a2200241   4500
=001  15535
=005  20251001162234.0
=008  120119s1997\\\\\\\\\\\\\\\\\\\\\\0\ger
=020  \\$a3825219720
=041  \\$ager
=100  \\$aGadamer, Hans-Georg$d1900-2002$910070
=245  \\$aGadamer Lesebuch
=260  \\$aStuttgart$bMohr $aTübingen$bSiebeck$c1997
=300  \\$a308 pages
=520  \\$aDas Buch bietet eine konzentrierte und direkte Einführung in das Werk Hans-Georg Gadamers mit einer Auswahl gut verständlicher Texte zur Hermeneutik, Ästhetik und Philosophie.
=648  \0$a20th Century (1901-2000)$1http://www.wikidata.org/entity/Q6927$920936
=650  \0$aPhilosophy$1http://www.wikidata.org/entity/Q5891$92357
=650  \0$aHermeneutics$1http://www.wikidata.org/entity/Q102686$922567
=650  \0$aAesthetics$1http://www.wikidata.org/entity/Q35986$921494
=700  \\$4edt$aGrondin, Jean$917465
=942  \\$cBOO
=952  \\$00$10$2ddc$40$6PHI_GADA_B_GRON$70$8PHI$915535$aORPH$bORPH$cKM12_3_2$d2021-08-11$oPHI GADA b GRON$p20133669$r2021-01-12 00:00:00$w2021-01-12$yBOO
=999  \\$d15535

