=LDR  01594aam a2200241   4500
=001  15536
=005  20250120120125.0
=008  120417s1996\\\\\\\\\\\\\\\\\\\\\\p\mul\d
=020  \\$a9789025358679
=041  \\$adut$afre$hfre
=100  \\$4aut$aVerlaine, Paul$d1844-1896$1http://www.wikidata.org/entity/Q755$917466
=245  \\$aGalante feesten
=260  \\$aAmsterdam$bAthenaeum - Polak & Van Gennep$c1996
=300  \\$a62 pages
=500  \\$aPaul-Marie Verlaine (1844-1896) was a French poet associated with the Symbolist movement and the Decadent movement. He is considered one of the greatest representatives of the fin de siècle in international and French poetry.
=520  \\$a'Fêtes galante's is a collection of poems by Paul Verlaine published in 1869. It is Verlaines second collection, after the 'Poèmes saturniens' of 1866. This short collection, composed of twenty-two poems in very varied metrical forms, highlights scenes of seduction and amorous banter between characters from the world of Italian commedia dell'arte and an idealized countryside. The Dutch translations by Arjaan van Nimwegen are published alongsides the original French poems.
=648  \0$a19th Century (1801-1900)$1http://www.wikidata.org/entity/Q6955$920935
=650  \0$aPoetry$1http://www.wikidata.org/entity/Q482$93026
=651  \0$aFrance$1http://www.wikidata.org/entity/Q142$9131
=700  \\$4trl$aVan Nimwegen, Arjaan$917467
=942  \\$cBOO
=952  \\$00$10$2ddc$40$6LIT_VERL_A$70$8LIT$915536$aORPH$bORPH$cKM12_2_H$d2021-08-24$oLIT VERL a$p20134034$r2021-01-12 00:00:00$w2021-01-12$yBOO
=999  \\$d15536

