=LDR  00856aam a2200205   4500
=001  15544
=005  20250925143302.0
=008  131126s1966\\\\\\\\\\\\\\\\\\\\\\0\dut
=041  \\$adut
=245  \\$aGaston Feremans herdacht
=260  \\$aAntwerp$bGaston Feremans-Huldecomité$c1966
=300  \\$a183 pages
=600  \0$aFeremans, Gaston$d1907-1964$1http://www.wikidata.org/entity/Q2423402$927385
=648  \0$a20th Century (1901-2000)$1http://www.wikidata.org/entity/Q6927$920936
=650  \0$aComposer$1http://www.wikidata.org/entity/Q36834$93625
=650  \0$aBiography$1http://www.wikidata.org/entity/Q36279$91927
=651  \0$aFlanders (Belgium)$1http://www.wikidata.org/entity/Q234$989
=942  \\$cBOO
=952  \\$00$10$2ddc$40$6BIO_FERE_D$70$8BIO$915544$aORPH$bORPH$cKTS1_P$d2021-10-19$oBIO FERE d$p20129648$r2021-01-12 00:00:00$w2021-01-12$yBOO
=999  \\$d15544

