=LDR  02433aam a2200205   4500
=001  15545
=005  20250120120114.0
=008  160411s2015\\\\\\\\\\\\\\\\\\\\\\0\eng\d
=020  \\$a9781580465342
=041  \\$aeng
=245  \\$aGay guerrilla:$bJulius Eastman and his music
=260  \\$aRochester$bUniversity of Rochester Press$c2015
=300  \\$a244 pages
=490  \\$aEastman Studies in Music$v129
=520  \\$aComposer-performer Julius Eastman (1940-90) was an enigma, both comfortable and uncomfortable in the many worlds he inhabited: black, white, gay, straight, classical music, disco, academia, and downtown New York. His music, insistent and straightforward, resists labels and seethes with a tension that resonates with musicians, scholars, and audiences today. Eastman's provocative titles, including Gay Guerrilla, Evil Nigger, Crazy Nigger, and others, assault us with his obsessions. Eastman tested limits with his political aggressiveness, as reflected in legendary scandals like his June 1975 performance of John Cage's Song Books, which featured homoerotic interjections, and the uproar over his titles at Northwestern University. These episodes are examples of Eastman's persistence in pushing the limits of the acceptable in the highly charged arenas of sexual and civil rights. In addition to analyses of Eastman's music, the essays in Gay Guerrilla provide background on his remarkable life history and the era's social landscape. The book presents an authentic portrait of a notable American artist that is compelling reading for the general reader as well as scholars interested in twentieth-century American music, American studies, gay rights, and civil rights.BR Contributors: David Borden, Luciano Chessa, Ryan Dohoney, Kyle Gann, Andrew Hanson-Dvoracek, R. Nemo Hill, Mary Jane Leach, Renee Levine Packer, George E. Lewis, Matthew Mendez, John Patrick Thomas Renee Levine Packer's book This Life of Sounds: Evenings for New Music in Buffalo received an ASCAP Deems Taylor Award for excellence. Mary Jane Leach is a composer and freelance writer, currently writing music and theatre criticism for the Albany Times-Union.
=700  1\$aLevine Packer, Renée$d1940-$4edt$917493
=700  \\$aLeach, Mary Jane$4edt$917494
=942  \\$cBOO
=952  \\$00$10$2ddc$40$6BIO_EAST_D$70$8BIO$915545$aORPH$bORPH$cKTS1_P$d2021-10-19$g33.00$oBIO EAST d$p20129786$r2021-01-12 00:00:00$w2021-01-12$yBOO$Vamazon.de
=999  \\$d15545

