=LDR  01277aam a2200205   4500
=001  15547
=005  20230123102417.0
=008  120910s2006\\\\\\\\\\\\\\\\\\\\\\0\\\\
=041  \\$adut
=245  \\$aGebraden duiven vliegen niet:$bLeidse wetenschappers over hun succes*
=260  \\$aLeiden$bUniversiteit Leiden$c2006
=300  \\$a104 pages
=520  \\$aWaardoor hebben wetenschappers succes - en waardoor falen ze? In deze bundel interview vertellen 47 wetenschappers van de Universiteit Leiden - van piep tot gepensioneerd - openhartig over hun eureka-momenten en hun tegenslagen. Over inspirerende leermeesters en moeizame financiering: 'Mijn leerstoel is ongeveer vijf keer opgeheven.' Over het lef om gedurfde ideeën te presenteren: 'Je moet als wetenschapper voor aap durven staan.' Over hun passie voor onderzoek en natuurlijk over hard werken: 'Wie wacht op gebraden duiven, kan lang wachten: gebraden duiven kunnen niet vliegen.'
=590  \\$a* en hun falen
=700  \\$4edt$aBrygman, Marieke$917495
=700  \\$4edt$aBurger, Peter$917496
=700  \\$4edt$aVerhagen, Arie$917497
=942  \\$cBOO
=952  \\$00$10$2ddc$40$6TOP_NL_LEI_7_000000000000000$70$8TOP$915547$aORPH$bORPH$cKTS0$d2022-01-05$oTOP NL.LEI 7$p20131125$r2021-01-12 00:00:00$w2021-01-12$yBOO
=999  \\$d15547

