=LDR  01017aam a2200205   4500
=001  15551
=005  20250120120133.0
=008  120906s2011\\\\\\\\\\\\\\\\\\\\\\0\dut
=041  \\$adut
=100  \\$aCraenen, Paul$4aut$916596
=245  \\$aGecomponeerde uitvoerders:$bHet musicerende lichaam vanuit compositorisch perspectief
=260  \\$aLeiden$bLeiden University$c2011
=300  \\$a207 pages
=650  \0$aArtistic research$1http://www.wikidata.org/entity/Q20827087$921804
=650  \0$aComposing$1http://www.wikidata.org/entity/Q92186587$93076
=942  \\$cDIS
=952  \\$00$10$2ddc$40$70$8COLL_UNK$915550$aORPH$bORPH$cLOC_UNK$d2021-08-31$p20110117$r2021-01-12 00:00:00$w2021-01-12$yDIS
=952  \\$00$10$2ddc$40$6MTP_5_000000000000000_CRAE$70$8MTP$915551$aORPH$bORPH$cKM12_1$d2021-08-31$oMTP5 CRAE$p20134076$r2021-01-12 00:00:00$w2021-01-12$yDIS
=952  \\$00$10$2ddc$40$6MTP_5_000000000000000_CRAE$70$8MTP$915552$aORPH$bORPH$cKM12_1$d2021-08-31$oMTP5 CRAE$p20134075$r2021-01-12 00:00:00$w2021-01-12$yDIS
=999  \\$d15551

