=LDR  00517aam a2200157   4500
=001  15552
=005  20250120120302.0
=008  131113s\\\\\\\\\\\\\\\\\\\\\\\\\\0\\\\
=100  \\$aFrischmuth, Leonard$d1721-1764$4aut$94873
=245  \\$aGedagten over de beginselen en onderwyzingen des clavcimbaals.
=260  \\$aAmsterdam$bA.J. Heuwekemeijer
=250  \\$a1970
=300  \\$a54 p.
=942  \\$cBOO
=952  \\$00$10$40$70$8COLL_UNK$915553$aORPH$bORPH$cLOC_UNK$d2021-01-12$l0$r2021-01-12 00:00:00$w2021-01-12$yBOO
=999  \\$c15552$d15552

