=LDR  00885aam a2200217   4500
=001  15553
=008  131203r1970\\\\nl\h\\\\\\\\\\\\\\0\dut\d
=041  \\$adut
=100  \\$aFrischmuth, Leonard$d1721-1764$4aut$94873
=245  \\$aGedagten over de beginselen en onderwyzingen des clavcimbaals
=250  \\$a1970
=260  \\$aAmsterdam$bA.J. Heuwekemeijer
=300  \\$a54 pages
=500  \\$aFacsimile
=648  \0$1http://www.wikidata.org/entity/Q7015$a18th Century (1701-1800)$920899
=650  \0$1http://www.wikidata.org/entity/Q81982$aHarpsichord$92125
=650  \0$1http://www.wikidata.org/entity/Q901207$aKeyboard$923503
=650  \0$1http://www.wikidata.org/entity/Q2250960$aMethod$921402
=942  \\$cBOO
=952  \\$00$10$2ddc$40$6INS_3_000000000000000_2C_FRIS$70$8INS$915554$aORPH$bORPH$cKTS0$d2023-09-05$l0$oINS3.2c FRIS$p20130179$r2021-01-12 00:00:00$w2021-01-12$yBOO
=999  \\$d15553

