=LDR  00522aam a2200157   4500
=001  15557
=005  20250120120114.0
=008  170221s1930\\\\\\\\\\\\\\\\\\\\\\0\n
=041  \\$adut
=100  \\$aBerg, I.J.M. Van Den$917505
=245  \\$aGeest en leven
=260  \\$aUtrecht, Nijmegen$bN.V. Dekker & Van De Vegt en J.W. Van Leeuwen$c1930
=300  \\$a30
=942  \\$cDIS
=952  \\$00$10$2ddc$40$6PHI_BERG_A$70$8PHI$915558$aORPH$bORPH$cKM12_3_2$d2021-08-11$oPHI BERG a$p20133572$r2021-01-12 00:00:00$w2021-01-12$yDIS
=999  \\$c15557$d15557

