=LDR  00791aam a2200193   4500
=001  15560
=005  20250925143302.0
=008  170216s1931\\\\\\\\\\\\\\\\\\\\\\0\ger
=041  \\$ager
=100  \\$aYura, T.$4aut$917508
=245  \\$aGeisteswissenschaft und Willensgesetz:$bKritische Untersuchung der Methodenlehre der Geisteswissenschaft in der Badischen, Marburger und Dilthey-Schule
=260  \\$aBerlin$bPan$c1931
=300  \\$a136 pages
=490  \\$aPan-Bücherei$v8
=648  \0$a20th Century (1901-2000)$1http://www.wikidata.org/entity/Q6927$920936
=650  \0$aPhilosophy$1http://www.wikidata.org/entity/Q5891$92357
=942  \\$cBOO
=952  \\$00$10$2ddc$40$6PHI_YURA_A$70$8PHI$915561$aORPH$bORPH$cKM12_3_2$d2021-08-10$oPHI YURA a$p20133538$r2021-01-12 00:00:00$w2021-01-12$yBOO
=999  \\$d15560

