=LDR  01377aam a2200265   4500
=001  15563
=005  20251003085500.0
=008  120910s2005\\\\\\\\\\\\\\\\\\\\\\0\dut
=020  \\$a9077541020
=041  \\$adut
=245  \\$aGeluck, geneughd, vermaeck en vreught:$bmuziekboeken in de Leidse Universiteitsbibliotheek
=260  \\$aLeiden$bUniversiteit Leiden$c2005
=300  \\$a78 pages
=490  \\$aKunst en Wetenschap$v2
=610  \0$aUniversiteit Leiden (Netherlands)$1http://www.wikidata.org/entity/Q156598$922381
=650  \0$aCatalogue$1http://www.wikidata.org/entity/Q2352616$921484
=650  \0$aBook$1http://www.wikidata.org/entity/Q571$92285
=700  \\$4aut$aKoopman, Ton$d1944-$1http://www.wikidata.org/entity/Q445121$910491
=700  \\$4aut$aCok, Kathryn$916189
=942  \\$cBOO
=952  \\$00$10$40$6RESERVE$70$8REF$98856$aORPH$bORPH$cKM12_1$d2021-01-12$l0$oReserve$p20120965$r2021-01-12 00:00:00$w2021-01-12$yTYPE_UNK
=952  \\$00$10$40$6RESERVE$70$8REF$915564$aORPH$bORPH$cKM12_1$g10.00$l0$oReserve$p20111489$r2021-01-12 00:00:00$w2021-01-12$yBOO
=952  \\$00$10$40$6RESERVE$70$8REF$915565$aORPH$bORPH$cKM12_1$l0$oReserve$p20115092$r2021-01-12 00:00:00$w2021-01-12$yBOO
=952  \\$00$10$2ddc$40$6BIB_4_000000000000000_NL_LEI$70$8BIB$920683$aORPH$bORPH$cKTS0$d2020-07-08$i33E24$oBIB4 NL.LEI$p20134192$r2021-10-01 00:00:00$w2021-10-01$yBOO
=999  \\$d15563

