=LDR  01156aam a2200241   4500
=001  15565
=005  20250925143303.0
=008  110913s1977\\\\\\\\\\\\\\\\\\\\\\0dfre
=020  \\$aD197721351
=041  \\$afre
=100  \\$aDille, Denijs$d1904-2005$4aut$1http://www.wikidata.org/entity/Q2428060$916252
=245  \\$aGénéalogie sommaire de la famille Bartók
=260  \\$aAntwerp$bMetropolis$c1977
=300  \\$a72 pages
=520  \\$aD. Dille onderzoekt de stamboom van Béla Bartòk via brieven en conversaties met Elza Bartók.
=600  \0$aBartók, Béla$d1881-1945$1http://www.wikidata.org/entity/Q83326$916182
=648  \0$a20th Century (1901-2000)$1http://www.wikidata.org/entity/Q6927$920936
=650  \0$aComposer$1http://www.wikidata.org/entity/Q36834$93625
=650  \0$aGenealogy$1http://www.wikidata.org/entity/Q47307$921635
=942  \\$cBOO
=952  \\$00$10$2ddc$40$6BIO_BART_D$70$8BIO$915567$aORPH$bORPH$cKTS1_P$l0$oBIO BART d$p20110408$r2021-01-12 00:00:00$w2021-01-12$yBOO
=952  \\$00$10$2ddc$40$6BIO_BART_D$70$8BIO$915568$aORPH$bORPH$cKTS1_P$d2022-03-31$oBIO BART d$p20129650$r2021-01-12 00:00:00$w2021-01-12$yBOO
=999  \\$c15565$d15565

