=LDR  01262aam a2200181   4500
=001  15570
=005  20250120120114.0
=008  141013s1972\\\\\\\\\\\\\\\\\\\\\\0\e
=020  \\$a9780415253963
=041  \\$aeng
=100  \\$aMauss, Marcel$4aut$917516
=245  \\$aA general theory of magic
=260  \\$aOxon$bRoutledge$c1972
=300  \\$a183
=520  \\$aFirst written by Marcel Mauss and Henri Humbert in 1902, A General Theory of Magic gained a wide new readership when republished by Mauss in 1950. As a study of magic in 'primitive' societies and its survival today in our thoughts and social actions, it represents what Claude Lévi-Strauss called, in an introduction to that edition, the astonishing modernity of the mind of one of the century's greatest thinkers. The book offers a fascinating snapshot of magic throughout various cultures as well as deep sociological and religious insights still very much relevant today. At a period when art, magic and science appear to be crossing paths once again, A General Theory of Magic presents itself as a classic for our times.
=942  \\$cBOO
=952  \\$00$10$2ddc$40$6PHI_MAUS_A$70$8PHI$915573$aORPH$bORPH$cKM12_3_2$d2021-08-02$g15.00$oPHI MAUS a$p20132837$r2021-01-12 00:00:00$w2021-01-12$yBOO
=999  \\$c15570$d15570

