=LDR  01517aam a2200229   4500
=001  15572
=005  20250120120207.0
=008  170921s1983\\\\\\\g\\\\\\\\\\\\\\0\eng\d
=020  \\$a0262120941
=041  \\$aeng
=245  \\$aA Generative Theory of Tonal Music
=260  \\$aCambridge, MA$bMIT Press$c1983
=300  \\$a368 pages
=520  \\$aA classic in music theory since its publication in 1981, this work models music understanding from the perspective of cognitive science. The point of departure is a search for a grammar of music with the aid of generative linguistics. The theory, which is illustrated with numerous examples from Western classical music, relates the aural surface of a piece to the musical structure unconsiously inferred by the experienced listener. From the viewpoint of traditional music theory, it offers many innovations in notatation as well as in the substance of rhythmic and reductional theory.
=650  \0$aMusic theory$1http://www.wikidata.org/entity/Q193544$92662
=650  \0$aLinguistics$1http://www.wikidata.org/entity/Q8162$93902
=650  \0$aMusic psychology$1http://www.wikidata.org/entity/Q476590$921788
=700  \\$4aut$aLerdahl, Fred$d1943-$1http://www.wikidata.org/entity/Q5495769$917517
=700  \\$4aut$aJackendoff, Ray$d1945-$1http://www.wikidata.org/entity/Q1392229$917518
=942  \\$cBOO
=952  \\$00$10$2ddc$40$6MTP_1_000000000000000_LERD$70$8MTP$915575$aORPH$bORPH$cKM12_1$d2022-09-08$l0$oMTP1 LERD$p20139448$r2021-01-12 00:00:00$w2021-01-12$yBOO
=999  \\$d15572

