=LDR  01632aam a2200181   4500
=001  15573
=005  20250120120114.0
=008  130322s1979\\\\\\\\\\\\\\\\\\\\\\0\e
=020  \\$a9780226253251
=041  \\$aeng
=100  \\$aFleck, Ludwik$4aut$917519
=245  \\$aGenesis and development of a scientific fact
=260  \\$aChicago$bThe University of Chicago Press$c1979
=300  \\$a202
=520  \\$aOriginally published in German in 1935, this monograph anticipated solutions to problems of scientific progress, the truth of scientific fact and the role of error in science now associated with the work of Thomas Kuhn and others. Arguing that every scientific concept and theoryincluding his ownis culturally conditioned, Fleck was appreciably ahead of his time. And as Kuhn observes in his foreword, "Though much has occurred since its publication, it remains a brilliant and largely unexploited resource."

"To many scientists just as to many historians and philosophers of science facts are things that simply are the case: they are discovered through properly passive observation of natural reality. To such views Fleck replies that facts are invented, not discovered. Moreover, the appearance of scientific facts as discovered things is itself a social construction, a made thing. A work of transparent brilliance, one of the most significant contributions toward a thoroughly sociological account of scientific knowledge."Steven Shapin, Science
=942  \\$cBOO
=952  \\$00$10$2ddc$40$6PHI_FLEC_A$70$8PHI$915576$aORPH$bORPH$cKM12_3_2$d2021-08-09$g16.27$oPHI FLEC a$p20133273$r2021-01-12 00:00:00$w2021-01-12$yBOO
=999  \\$c15573$d15573

