=LDR  01199aam a2200253   4500
=001  15576
=005  20250925143303.0
=008  120712s1996\\\\\\\\\\\\\\\\\\\\\\0\fre
=020  \\$a9782070746460
=041  \\$afre
=100  \\$aButor, Michel$d1926-2016$4aut$1http://www.wikidata.org/entity/Q309716$916818
=245  \\$aLe génie du lieu : $bcinquième et dernier, autrement dit Gyroscope, entrée lettres = Gyroscope autrement dit Le Génie du lieu, 5 et dernier, porte chiffres
=260  \\$aParis$bGallimard$c1996
=300  \\$a200-200 pages
=534  \\$aOriginally published in 1958
=648  \0$a20th Century (1901-2000)$1http://www.wikidata.org/entity/Q6927$920936
=650  \0$aDos-à-dos binding$1http://www.wikidata.org/entity/Q2646019$920970
=650  \0$aPhilosophy$1http://www.wikidata.org/entity/Q5891$92357
=650  \0$aGeography$1http://www.wikidata.org/entity/Q1071$921798
=650  \0$aPoetry$1http://www.wikidata.org/entity/Q482$93026
=651  \0$aFrance$1http://www.wikidata.org/entity/Q142$9131
=942  \\$cBOO
=952  \\$00$10$2ddc$40$6LIT_BUTO_A$70$8LIT$915579$aORPH$bORPH$cKM12_2_H$d2022-01-10$g350.00$oLIT BUTO a$p20132762$r2021-01-12 00:00:00$w2021-01-12$yBOO
=999  \\$d15576

