=LDR  01065aam a2200241   4500
=001  15577
=005  20250120120616.0
=008  140430s1969\\\\\\\\\\\\\\\\\\\\\\0\fre
=041  \\$afre
=100  \\$aMourot, Jean$4aut$917520
=245  \\$aLe Fénie d'un style :$bChateaubriand. Rythme et sonorité dans les Mémoires d'outre-tombe
=250  \\$aRev ed.
=260  \\$aParis$bColin$c1969
=300  \\$a401 pages
=600  \0$aChateaubriand, François-René de$d1768-1848$1http://www.wikidata.org/entity/Q49767$924826
=648  \0$a19th Century (1801-1900)$1http://www.wikidata.org/entity/Q6955$920935
=650  \0$aWriter$1http://www.wikidata.org/entity/Q36180$93885
=650  \0$aDiary$1http://www.wikidata.org/entity/Q185598$921711
=650  \0$aRhythm$1http://www.wikidata.org/entity/Q170406$92724
=651  \0$aFrance$1http://www.wikidata.org/entity/Q142$9131
=942  \\$cBOO
=952  \\$00$10$2ddc$40$6LIT_CHAT_B_MOUR$70$8LIT$915580$aORPH$bORPH$cKM12_2_H$d2014-04-26$g24.80$l0$oLIT CHAT b MOUR$p20129822$r2021-01-12 00:00:00$w2021-01-12$yBOO$Vamazon.fr
=999  \\$d15577

