=LDR  02571aam a2200205   4500
=001  15587
=005  20250120120515.0
=008  150421s2013\\\\\\\a\\\\\\\\\\\\\\0\eng\d
=020  \\$a9781466512023
=041  \\$aeng
=100  \\$aToussaint, Godfried T.$d1944-2019$4aut$1http://www.wikidata.org/entity/Q3772754$917523
=245  \\$aThe Geometry of Musical Rhythm:$bWhat Makes a "Good" Rhythm Good?
=260  \\$aNew York$bCRC$c2013
=300  \\$a347 pages
=520  \\$aThe Geometry of Musical Rhythm: What Makes a "Good" Rhythm Good? is the first book to provide a systematic and accessible computational geometric analysis of the musical rhythms of the world. It explains how the study of the mathematical properties of musical rhythm generates common mathematical problems that arise in a variety of seemingly disparate fields. For the music community, the book also introduces the distance approach to phylogenetic analysis and illustrates its application to the study of musical rhythm. Accessible to both academics and musicians, the text requires a minimal set of prerequisites.

Emphasizing a visual geometric treatment of musical rhythm and its underlying structures, the authoran eminent computer scientist and music theory researcherpresents new symbolic geometric approaches and often compares them to existing methods. He shows how distance geometry and phylogenetic analysis can be used in comparative musicology, ethnomusicology, and evolutionary musicology research. The book also strengthens the bridge between these disciplines and mathematical music theory. Many concepts are illustrated with examples using a group of six distinguished rhythms that feature prominently in world music, including the clave son.

Exploring the mathematical properties of good rhythms, this book offers an original computational geometric approach for analyzing musical rhythm and its underlying structures. With numerous figures to complement the explanations, it is suitable for a wide audience, from musicians, composers, and electronic music programmers to music theorists and psychologists to computer scientists and mathematicians. It can also be used in an undergraduate course on music technology, music and computers, or music and mathematics.
=650  \0$aMathematics$1http://www.wikidata.org/entity/Q395$922612
=650  \0$aRhythm$1http://www.wikidata.org/entity/Q170406$92724
=942  \\$cBOO
=952  \\$00$10$2ddc$40$6SCI_TOUS$70$8SCI$915590$aORPH$bORPH$cKM12_1$d2015-04-16$l1$oSCI TOUS$p20139085$r2022-06-08 00:00:00$s2021-03-12$v38.46$w2021-01-12$yBOO
=999  \\$d15587

