=LDR  02206aam a2200253   4500
=001  15588
=005  20250925143303.0
=008  180425s2004\\\\\\\\\\\\\\\\\\\\\\0\eng
=020  \\$a9780195327113
=041  \\$aeng
=100  \\$4aut$aGershwin, George$d1898-1937$1http://www.wikidata.org/entity/Q123829$924111
=245  \\$aThe George Gershwin Reader
=260  \\$aNew York$bOxford University Press$c2004
=300  \\$a354 pages
=520  \\$aGeorge Gershwin is one of the giants of American music, unique in that he was both a brilliant writer of popular songs and of more serious music. Here, music lovers are reated to a spectacular celebration of this great American composer. 
The Reader offers a kaleidoscopic collection of writings by Gershwin, as well as those about Gershwin, written by a who's who of famous commentators. More than eighty pieces of superb variety, color, and depth include the critical debate over Gershwin's concert pieces, especially "Rhapsody in Blue" and "An American in Paris." There is a complete section devoted to the controversies over "Porgy and Bess," including correspondence between Gershwin and DuBose Hayward, the opera's librettist, plus unique interviews with the original Porgy and BessTodd Duncan and Anne Brown. Sprinkled throughout the book are excerpts from Gershwin's own letters, which offer unique insight into this fascinating and charming man. Along with a detailed chronology of the composer's life, the editors provide informative introductions to each entry.
Here is a book for anyone interested in American music. Scholars, performers, and Gershwin's legions of fans will find it an irresistible feast.
=648  \0$1http://www.wikidata.org/entity/Q6927$a20th Century (1901-2000)$920936
=650  \0$1http://www.wikidata.org/entity/Q36834$aComposer$93625
=650  \0$1http://www.wikidata.org/entity/Q486748$aPianist$92959
=651  \0$1http://www.wikidata.org/entity/Q30$aUSA$943
=700  \\$4edt$917524$aWyatt, Robert
=700  \\$4edt$917525$aJohnson, John Andrew
=942  \\$cBOO
=952  \\$00$10$2ddc$40$6BIO_GERS_A$70$8BIO$915591$aORPH$bORPH$cKTS1_P$d2018-04-18$g55.00$l0$oBIO GERS a$p20129917$r2021-01-12 00:00:00$w2021-01-12$yBOO
=999  \\$d15588

