=LDR  01589aam a2200205   4500
=001  15589
=005  20250120120114.0
=008  180525s1998\\\\\\\\\\\\\\\\\\\\\\0\fre
=020  \\$a2871061971
=041  \\$afre
=100  \\$aBenoît-Jeannin, Maxime$4aut$917526
=245  \\$aGeorgette Leblanc (1869-1941) :$bbiographie
=260  \\$aBrussels$bLe Cri$c1998
=300  \\$a581 pages
=520  \\$aGeorgette Leblanc (8 February 1869 Rouen,  27 October 1941 Le Cannet, near Cannes) was a French operatic soprano, actress, author, and the sister of novelist Maurice Leblanc. She became particularly associated with the works of Jules Massenet and was an admired interpreter of the title role in Bizet's Carmen. For many years Leblanc was the lover of Belgian playwright and writer Maurice Maeterlinck, and he wrote several parts for her within his stage plays. She portrayed the role of Ariane in Ariane et Barbe-bleue, both in the original 1899 stage play by Maeterlinck and in the 1907 opera adaptation by Paul Dukas. Leblanc also appeared in a couple of French films, most notably L'Inhumaine in 1924. In the last few decades of her life she turned to writing, producing two commercially successful autobiographies and several children's books and travelogues.
=600  \0$aLeblanc, Georgette$d1869-1941$1http://www.wikidata.org/entity/Q460180$921007
=942  \\$cBOO
=952  \\$00$10$2ddc$40$6BIO_LEBL_D$70$8BIO$915592$aORPH$bORPH$cKTS1_P$d2021-10-19$oBIO LEBL d$p20129793$r2021-01-12 00:00:00$w2021-01-12$yBOO
=999  \\$c15589$d15589
=650  \0$aBiography$1http://www.wikidata.org/entity/Q36279$91927

