=LDR  00845aam a2200181   4500
=001  15591
=005  20250120120024.0
=008  150316s1997\\\\\\\\\\\\\\\\\\\\\\0\n
=020  \\$a2930128089
=041  \\$adut
=100  \\$aVande Veire, Frank$4aut$915867
=245  \\$aDe geplooide voorstelling:$bEssays over kunst
=260  \\$aBrussels$bDe gelaarsde kat$bGevaert$c1997
=300  \\$a222 pages
=520  \\$aDe geplooide voorstelling. Essays over kunst van Frank Vande Veire omvat teksten over hedendaagse kunst (zoals Blow Up, Ilya Kabakov, Harald Kilingerh?ller en Jo?lle Tuerlinckx) en cultuurfilosofische thema's, met name de problematiek van de kunst na de dood van God.
=942  \\$cBOO
=952  \\$00$10$2ddc$40$6PHI_VAND_A$70$8PHI$915594$aORPH$bORPH$cKM12_3_2$d2021-08-05$oPHI VAND a$p20133062$r2021-01-12 00:00:00$w2021-01-12$yBOO
=999  \\$c15591$d15591

