=LDR  00651aam a2200169   4500
=001  15592
=005  20250120120114.0
=008  131210s2013\\\\\\\\\\\\\\\\\\\\\\0\ger
=041  \\$ager
=100  \\$aMütter, Bertl$4aut$917529
=245  \\$aDas Geräusch das man macht bevor man anfängt zu dichten
=260  \\$aSteyr$bBertl Mütter$c2013
=300  \\$a366 pages
=520  \\$aDissertation zur Erlangung des akademischen Grads Doktor artium an der Kunstuniversität Graz, 2013
=942  \\$cBOO
=952  \\$00$10$2ddc$40$6MTP_5_000000000000000_MUTT$70$8MTP$915595$aORPH$bORPH$cKM12_1$d2021-08-31$oMTP5 MUTT$p20131361$r2021-01-12 00:00:00$w2021-01-12$yBOO
=999  \\$d15592

