=LDR  02468aam a2200349   4500
=001  15596
=005  20251001162234.0
=008  180221s2002\\\\\\\\\\\\\\\\\\\\\\0\eng
=020  \\$a9780521785549
=041  \\$aeng
=100  \\$aHammermeister, Kai$4aut$917533
=245  \\$aThe German Aesthetic Tradition
=260  \\$aCambridge$bCambridge University Press$c2002
=300  \\$a259 pages
=520  \\$aThis book, first published in 2002, is a systematic critical overview of German aesthetics from 1750 to the present. It begins with the work of Baumgarten and covers all the major writers on German aesthetics that follow, including Kant, Schiller, Schelling, Hegel, Nietzsche, Heidegger, Gadamer and Adorno. The book offers a clear and non-technical exposition of ideas, placing these in a wider philosophical context where necessary. Such is the importance of German aesthetics that the market for this book will extend far beyond the domain of philosophy to such fields as literary studies, fine art and music.
=600  \0$aBaumgarten, Alexander Gottlieb$d1714-1762$1http://www.wikidata.org/entity/Q76517$925164
=600  \0$aKant, Immanuel$d1724-1804$1http://www.wikidata.org/entity/Q9312$917146
=600  \0$aSchiller, Friedrich$d1759-1805$1http://www.wikidata.org/entity/Q22670$96525
=600  \0$aSchelling, Friedrich Wilhelm Joseph von $d1775-1854$1http://www.wikidata.org/entity/Q60070$917319
=600  \0$aHegel, Georg Wilhelm Friedrich$d1770-1831$1http://www.wikidata.org/entity/Q9235$915796
=600  \0$aNietzsche, Friedrich Wilhelm$d1844-1900$1http://www.wikidata.org/entity/Q9358$915868
=600  \0$aHeidegger, Martin$d1889-1976$1http://www.wikidata.org/entity/Q48301$917538
=600  \0$aGadamer, Hans-Georg$d1900-2002$1http://www.wikidata.org/entity/Q76356$910070
=600  \0$aAdorno, Theodor W.$d1903-1969$1http://www.wikidata.org/entity/Q152388$915795
=648  \0$a18th Century (1701-1800)$1http://www.wikidata.org/entity/Q7015$920899
=648  \0$a19th Century (1801-1900)$1http://www.wikidata.org/entity/Q6955$920935
=648  \0$a20th Century (1901-2000)$1http://www.wikidata.org/entity/Q6927$920936
=650  \0$aAesthetics$1http://www.wikidata.org/entity/Q35986$921494
=651  \0$aGermany$1http://www.wikidata.org/entity/Q183$9155
=942  \\$cBOO
=952  \\$00$10$2ddc$40$6TOP_DE_5_000000000000000$70$8TOP$915599$aORPH$bORPH$cKTS0$d2012-05-31$g24.00$l0$oTOP DE 5$p20132249$r2021-01-12 00:00:00$w2021-01-12$yBOO
=999  \\$d15596

