=LDR  01987aam a2200253   4500
=001  15609
=005  20250925143303.0
=008  150910s2007\\\\\\\\\\\\\\\\\\\\\\0\ger
=020  \\$a9783795704513
=041  \\$ager
=100  \\$aLigeti, György$d1923-2006$4aut$1http://www.wikidata.org/entity/Q154331$917536
=245  \\$aGesammelte Schriften
=260  \\$aMainz$bSchott$c2007
=300  \\$a2 vols. (523+? pages)
=490  \\$aVeröffentlichen der Paul Sacher Stiftung$v10, 1
=520  \\$aMit Abbildungen und Notenbeispielen. Herausgegeben von Monika Lichtenfeld. Mit den Schriften György Ligetis legt die Paul Sacher Stiftung die erste umfangreiche Textedition dieses herausragenden Komponisten der jüngeren Musikgeschichte vor. Die zentralen Essays finden sich hier gebündelt mit bisher nur schwer greifbaren Texten. Ligeti äußert sich ausführlich zu Komposition und Ästhetik, zu befreundeten Kollegen und historischen Vorläufern, beispielsweise in einer Reihe von Rundfunkbeiträgen über Anton Webern. Dazu kommen zahlreiche kleinere Essays zu verschiedenen Themen aus mehr als fünf Jahrzehnten, von der ungarischen Zeit bis in die jüngste Vergangenheit. Das eigene Schaffen wird in Essays diskutiert und in einer umfangreichen Zusammenstellung von Werkeinführungen kommentiert. Die beiden Bände werden durch ein Personen- und Werkregister erschlossen.
=648  \0$a20th Century (1901-2000)$1http://www.wikidata.org/entity/Q6927$920936
=650  \0$aComposer$1http://www.wikidata.org/entity/Q36834$93625
=650  \0$aWriter$1http://www.wikidata.org/entity/Q36180$93885
=700  \\$4edt$aLichtenfeld, Monika$917537
=942  \\$cBOO
=952  \\$00$10$2ddc$40$6TRE_LIGE$70$8TRE$915612$aORPH$bORPH$cKTS1_H$d2022-03-16$g80.00$l1$oTRE LIGE$p20134778$r2024-12-16 14:08:21$s2022-03-16$w2021-01-12$yBOO
=952  \\$00$10$2ddc$40$6TRE_LIGE$70$8TRE$915613$aORPH$bORPH$cKTS1_H$d2022-03-16$g68.00$l1$oTRE LIGE$p20134777$r2024-12-16 14:08:21$s2022-03-16$w2021-01-12$yBOO
=999  \\$d15609

