=LDR  00557aam a2200157   4500
=001  15614
=005  20251009081429.0
=008  160822s2001\\\\\\\\\\\\\\\\\\\\\\0\d
=041  \\$ad
=100  \\$4cmp$aStockhausen, Karlheinz$d1928-2007$1http://www.wikidata.org/entity/Q37546939$915865
=245  \\$aGesang der jünglinge: faksimile-edition 2001
=260  \\$aKürten$bStockhausen-stiftung für müsik$c2001
=300  \\$a294
=942  \\$cBOO
=952  \\$00$10$40$70$8COLL_UNK$915617$aORPH$bORPH$cLOC_UNK$d2021-01-12$l0$r2021-01-12 00:00:00$w2021-01-12$yBOO
=999  \\$c15614$d15614

