=LDR  01081aam a2200241   4500
=001  15616
=005  20250120120921.0
=008  201111s2004\\\\\\\\\\\\\\\\\\\\\\0\ger
=020  \\$a3895121231
=041  \\$ager
=100  \\$4edt$aLustig, Monika$917540
=110  2\$aStiftung Kloster Michaelstein (Germany)$1http://www.wikidata.org/entity/Q1441940$926321
=245  \\$aGeschichte, Bauweise und Spieltechnik der tiefen Streichinstrumente
=260  \\$aBlankenburg$bStiftung Kloster Michaelstein$c2004
=300  \\$a228 pages
=490  \\$aMichaelsteiner Konferenzberichte$v64
=590  \\$a21. Musikinstrumentenbau-Symposium Michaelstein, 17. bis 19. November 2000
=650  \0$aBowed string instrument$1http://www.wikidata.org/entity/Q192096$92398
=650  \0$aCello$1http://www.wikidata.org/entity/Q8371$92688
=650  \0$aDouble bass$1http://www.wikidata.org/entity/Q80019$921734
=942  \\$cBOO
=952  \\$00$10$2ddc$40$6INS_4_000000000000000_4D_LUST$70$8INS$915619$aORPH$bORPH$cKTS0$d2021-08-18$eKoopman$oINS4.4d LUST$p20130356$r2021-01-12 00:00:00$w2021-01-12$yBOO
=999  \\$d15616

