=LDR  00559aam a2200157   4500
=001  15648
=005  20230123102427.0
=008  150520s1931\\\\\\\\\\\\\\\\\\\\\\0\d
=041  \\$ager
=100  \\$aHofmann, E.$4aut$917572
=245  \\$aGeschichte der philosophie I: Die griechische philosophie von Thales bis Platon
=260  \\$aLeipzig, Berlin$bLeubner$c1931
=300  \\$a111
=942  \\$cBOO
=952  \\$00$10$2ddc$40$6PHI_0_000000000000000_HOFF$70$8PHI$915650$aORPH$bORPH$cKM12_3_2$d2021-08-18$oPHI0 HOFF$p20133978$r2021-01-12 00:00:00$w2021-01-12$yBOO
=999  \\$c15648$d15648

