=LDR  00602aam a2200181   4500
=001  15650
=005  20250120120116.0
=008  170213s1923\\\\\\\\\\\\\\\\\\\\\\0\d
=041  \\$ager
=100  \\$4aut$aMesser, August$917573
=245  \\$aGeschichte der Philosophie im Altertum und Mittelalter
=260  \\$aLeipzig$bQuelle & Meyer$c1923
=250  \\$a6de
=300  \\$a161
=490  \\$aGeschichte der philosophie$vI
=942  \\$cBOO
=952  \\$00$10$2ddc$40$6PHI_0_000000000000000_MESS$70$8PHI$915652$aORPH$bORPH$cKM12_3_2$d2021-08-18$oPHI0 MESS$p20133974$r2021-01-12 00:00:00$w2021-01-12$yBOO
=999  \\$c15650$d15650

