=LDR  00520aam a2200157   4500
=001  15651
=005  20250120120116.0
=008  150521s1911\\\\\\\\\\\\\\\\\\\\\\0\d
=041  \\$ager
=100  \\$aBauch, Bruno$4aut$917574
=245  \\$aGeschichte der philosophie: Immanuel Kant
=260  \\$aLeipzig$bOscar Brandstetter$c1911
=300  \\$a207
=942  \\$cBOO
=952  \\$00$10$2ddc$40$6PHI_KANT_B_BAUC$70$8PHI$915653$aORPH$bORPH$cKM12_3_2$d2021-08-04$oPHI KANT b BAUC$p20132982$r2021-01-12 00:00:00$w2021-01-12$yBOO
=999  \\$c15651$d15651

