=LDR  00632aam a2200181   4500
=001  15652
=005  20250120120116.0
=008  170213s1920\\\\\\\\\\\\\\\\\\\\\\0\d
=041  \\$ager
=100  \\$4aut$aMesser, August$917573
=245  \\$aGeschichte der Philosophie vom Beginn der Neuzeit bis zum Ende des 18. Jahrhunderts
=260  \\$aLeipzig$bQuelle & Meyer$c1920
=250  \\$a5de
=300  \\$a159
=490  \\$aGeschichte der philosophie$vII
=942  \\$cBOO
=952  \\$00$10$2ddc$40$6PHI_0_000000000000000_MESS$70$8PHI$915654$aORPH$bORPH$cKM12_3_2$d2021-08-18$oPHI0 MESS$p20133973$r2021-01-12 00:00:00$w2021-01-12$yBOO
=999  \\$c15652$d15652

