=LDR  00782aam a2200193   4500
=001  15653
=005  20250120120016.0
=008  150520q1896\\\\\\\\\\\\\\\\\\\\\\0dger
=041  \\$ager
=100  \\$aSchwegler, Albert$d1819-1857$4aut$1http://www.wikidata.org/entity/Q68837$921783
=245  \\$aGeschichte der Philosophie im Umriß:$bein Leitfaden zur Übersicht
=260  \\$aLeipzig$bReclam$c1896 [?]
=300  \\$a512 pages
=561  \\$aEx libris E. J. Philips (ms.)
=650  \0$aPhilosophy$1http://www.wikidata.org/entity/Q5891$92357
=700  \\$4aut$aStern, Jakob$d1843-1911$921784
=942  \\$cBOO
=952  \\$00$10$2ddc$40$6KTS_1_000000000000000_C3_15_6$70$8RAR$915655$aORPH$bORPH$cKTS1_C3$d2021-09-08$oKTS1 C3.15 (6)$p20131264$r2021-01-12 00:00:00$w2021-01-12$yBOO
=999  \\$c15653$d15653

