=LDR  02276aam a2200277   4500
=001  15656
=005  20250120120525.0
=008  180525s1989\\\\be\af\\\\\\\\\\\\\0\dut
=020  \\$a906597234X
=041  \\$adut
=100  \\$aValkestijn, Johannes Wilhelmus Nicolaas$4aut$917576
=245  \\$aGeschiedenis van de jongenszang tot aan de Reformatie
=260  \\$aBrugge$bTabor$c1989
=300  \\$a324 pages
=520  \\$aTot op heden werd nog geen specifiek onderzoek verricht met betrekking tot de rol van de jongensstem in de praktijk en de ontwikkeling van de muziek in de eredienst. Detailstudies op verschillende gebieden van de muziekgeschiedenis en de groeiende toegankelijkheid van oude bronnen hebben inmiddels bewezen dat vanaf de alleroudste tijden de jongenszang een wezenlijke bijdrage heeft geleverd in de praktijk van de cultische en liturgische muziek. In die landen waar de hervorming ten aanzien van de kerkmuziek een gematigde houding aannam, bleef de jongensstem in de eredienst klinken, zelfs tot in onze dagen waarin men weer toenemende belangstelling mag constateren voor net unieke timbre van de jongensstem. 

Juist vanuit deze hernieuwde interesse, mede veroorzaakt door de bemoeiingen inzake authentieke uitvoeringspraktijken, zal dit boek welkome informatie toegankelijk maken, niet alleen voor degene die beroepshalve met dit facet van de vocale muziek is verbonden, maar zeker niet minder voor de geïnteresseerde leek, die zijn kennis en inzicht omtrent deze materie wil verrijken.
=648  \0$aMiddle Ages (500-1400)$1http://www.wikidata.org/entity/Q12554$920964
=648  \0$a15th Century (1401-1500)$1http://www.wikidata.org/entity/Q7018$921015
=648  \0$a16th Century (1501-1600)$1http://www.wikidata.org/entity/Q7017$920944
=650  \0$aVocal music$1http://www.wikidata.org/entity/Q685884$93319
=650  \0$aSinging$1http://www.wikidata.org/entity/Q27939$92767
=650  \0$aBoy soprano$1http://www.wikidata.org/entity/Q1376492$922851
=650  \0$aBoy alto$1http://www.wikidata.org/entity/Q53395277$922887
=650  \0$aChoir$1http://www.wikidata.org/entity/Q131186$93338
=942  \\$cBOO
=952  \\$00$10$2ddc$40$6INS_2A$70$8INS$915658$aORPH$bORPH$cKTS0$d2021-10-22$oINS2a$p20130758$r2021-01-12 00:00:00$w2021-01-12$yBOO
=999  \\$d15656

