=LDR  02562aam a2200265   4500
=001  15657
=005  20251001162234.0
=008  120419s2007\\\\\\\\\\\\\\\\\\\\\\0\dut
=020  \\$a9789035131965
=041  \\$adut$hita
=100  \\$aEco, Umberto$d1932-2016$4aut$1http://www.wikidata.org/entity/Q12807$917577
=245  \\$aDe geschiedenis van de lelijkheid
=260  \\$aAmsterdam$bBert Bakker$c2007
=300  \\$a451
=520  \\$aLelijkheid en schoonheid zijn ogenschijnlijk elkaars tegengestelden en doorgaans is men van mening dat de definitie van het ene begrip volstaat om te weten wat het andere inhoudt. Maar de verschijningsvormen van de lelijkheid door de eeuwen heen zijn rijker en onverwachter van karakter dan men over het algemeen aanneemt. Aan de hand van uiteenlopende teksten en schitterende illustraties voert dit boek ons langs de verbazingwekkende, bijna drieduizend jaar oude geschiedenis van nachtmerries, gruwelen en liefde, een reis waar wanstaltige daden hand in hand gaan met roerende ui-tingen van compassie, waar afkeer van misvorming gelijke tred houdt met decadente extase en de meest verleidelijke schendingen van de klassieke canon. Duivels, gekken, gruwelijke vijanden, angstaanjagende geesten, walgelijke gedrochten en misvormingen die raken aan het sublieme, freaks en living deads: het is een enorme en vaak onverwachte iconografie. Het boek loopt over van het natuurlijk lelijke, het geestelijk lelijke, van asymmetrie, disharmonie en mismaaktheid. Het is zo'n opeenvolging van zwakte, banaliteit, toeval, willekeur, lelijkheid, weerzin, grofheid, gruwelijkheid, zouteloosheid, misselijkmakendheid, duivelachtigheid, smerigheid, onaangenaamheid, groteskheid, gemeenheid, vuiligheid, obsceniteit, abjectie, monstruositeit, gruwelijkheid, afschrikwekkendheid, weerzinwekkendheid, onsmakelijkheid, walgelijkheid, afstotelijkheid, onwaardigheid, laagheid, onbevalligheid en indecentie, dat de eerste buitenlandse uitgever die het onder ogen kreeg, uitriep: 'Wat is de lelijkheid mooi!'

=534  \\$aOriginally published by Bompiano, 2007
=650  \0$aFine art$1http://www.wikidata.org/entity/Q219625$921579
=650  \0$aAesthetics$1http://www.wikidata.org/entity/Q35986$921494
=650  \0$aCuckoo$1http://www.wikidata.org/entity/Q18845$922474
=700  \\$4trl$aBoeke, Yond$917857
=700  \\$4trl$aKrone, Patty$917858
=765  \\$aStoria della bruttezza
=942  \\$cBOO
=952  \\$00$10$2ddc$40$6VIS_ECO$70$8VIS$915659$aORPH$bORPH$cKTS1_H$d2022-02-03$oVIS ECO$p20134881$r2021-01-12 00:00:00$w2021-01-12$yBOO
=999  \\$d15657

