=LDR  02224aam a2200289   4500
=001  15661
=005  20251001162234.0
=008  120419s2006\\\\\\\a\\\\\\\\\\\\\\0\dut\d
=020  \\$a9789035128123
=041  \\$adut$hita
=100  \\$aEco, Umberto$d1932-2016$4aut$1http://www.wikidata.org/entity/Q12807$917577
=245  \\$aDe geschiedenis van de schoonheid
=250  \\$a3rd ed.
=260  \\$aAmsterdam$bBert Bakker$c2006
=300  \\$a438 pages
=520  \\$aDe geschiedenis van de schoonheid is niet alleen een geschiedenis van de kunst of een geschiedenis van de esthetiek. Umberto Eco laat kunst en esthetiek in dit volledig in kleur geïllustreerde standaardwerk op verbluffende wijze samenkomen om zodoende tot een definitie te komen van schoonheid, geldend van de klassieke Oudheid tot nu.

De geschiedenis van de schoonheid is geschreven voor een breed en divers publiek. Het gaat in op schilderkunst, beeldhouwkunst, architectuur, film, fotografie, literatuur en poëzie en biedt een rijk en intelligent panorama van dit ontzagwekkende onderwerp.

In De geschiedenis van de schoonheid zien we hoe Eco op een boeiende en eclectische manier met het thema omgaat: we lezen niet alleen over Botticelli en Michelangelo, maar ook over de mode uit de jaren zestig en de verwantschap met de manier van kleden van het oude Egypte. Het biedt een verrassend perspectief op bekende materie, maar zit ook boordevol briljante nieuwe beschouwingen. Het bevat prachtige voorbeelden uit de schilderkunst en de beeldhouwkunst en fragmenten uit de literatuurgeschiedenis en filosofie.

=561  \\$aDutch translation originally published in 2005; Italian edition published in 2004
=650  \0$aAesthetics$1http://www.wikidata.org/entity/Q35986$921494
=650  \0$aFine art$1http://www.wikidata.org/entity/Q219625$921579
=650  \0$aCultural history$1http://www.wikidata.org/entity/Q858517$922395
=700  \\$4edt$aMichele, Girolamo de$923636
=700  \\$4trl$aBoeke, Yond$917857
=700  \\$4trl$aKrone, Patty$917858
=765  \\$aStoria della bellezza
=942  \\$cBOO
=952  \\$00$10$2ddc$40$6VIS_ECO$70$8VIS$915663$aORPH$bORPH$cKTS1_H$d2022-02-03$oVIS ECO$p20134882$r2021-01-12 00:00:00$w2021-01-12$yBOO
=999  \\$d15661

