=LDR  01651aam a2200241   4500
=001  15662
=005  20250120120116.0
=008  120203s1988\\\\\\\\\\\\\\\\\\\\\\0\dut
=020  \\$a9789025496784
=041  \\$adut$heng
=245  \\$aGeschiedenis van de westerse muziek
=260  \\$aAmsterdam$bOlympus$c1988
=300  \\$a958 pages
=520  \\$al jaren geldt Geschiedenis van de westerse muziek als het standaardwerk op het gebied van de muziekgeschiedenis van Europa en de Verenigde Staten. In dit handboek zijn meer dan twintig eeuwen - van de theorieën van de oude Grieken tot de minimal music van Philip Glass - op een begrijpelijke en overzichtelijke manier in kaart gebracht.

De talrijke stromingen en hun exponenten die hebben bijgedragen tot de veelkleurige en boeiende westerse muzikale geschiedenis, worden in een bredere cultuurhistorische context geplaatst. Voor iedereen die zich als liefhebber of als student wil verdiepen in de ontwikkeling van de westerse muziek door de eeuwen heen, is dit boek een onmisbaar naslagwerk.
=648  \0$aPast$1http://www.wikidata.org/entity/Q192630$922196
=650  \0$aMusic history$1http://www.wikidata.org/entity/Q846047$921373
=651  \0$aEurope$1http://www.wikidata.org/entity/Q46$991
=700  \\$4aut$aGrout, Donald J.$d1902-1987$1http://www.wikidata.org/entity/Q5294603$917578
=700  \\$4aut$aPalisca, Claude V.$d1921-2001$1http://www.wikidata.org/entity/Q3313135$913150
=765  \\$aA History of Western Music
=942  \\$cBOO
=952  \\$00$10$2ddc$40$6GHM_0_000000000000000$70$8GHM$915664$aORPH$bORPH$cKM12_1$d2022-03-03$oGHM0$p20130670$r2021-01-12 00:00:00$w2021-01-12$yBOO
=999  \\$d15662

