=LDR  01047aam a2200169   4500
=001  15663
=005  20250120120059.0
=008  120306s2003\\\\\\\\\\\\\\\\\\\\\\0\\\\
=020  \\$a9789035125469
=100  \\$aKlukhuhn, André$4aut$917033
=245  \\$aDe geschiedenis van het denken: Filosofie, wetenschap, kunst en cultuur van de oudheid tot nu
=260  \\$aAmsterdam$bBert Bakker$c2003
=300  \\$a651
=520  \\$aDe geschiedenis van het denken is een overzicht van de pogingen die de mens in de loop van de geschiedenis heeft gedaan om greep te krijgen op zijn omgeving. Talloze aspecten van het denken komen aan de orde: van de cultuur in de Griekse, Romeinse en Arabische Oudheid tot aan de moraal van de medische wetenschap; van de ontdekking van de wiskunde tot aan kunstmatige intelligentie; van het fin de siècle tot aan het fin de millénaire. 



=942  \\$cBOO
=952  \\$00$10$2ddc$40$6PHI_0_000000000000000_KLUK$70$8PHI$915665$aORPH$bORPH$cKM12_3_2$d2021-08-18$oPHI0 KLUK$p20133987$r2021-01-12 00:00:00$w2021-01-12$yBOO
=999  \\$c15663$d15663

