=LDR  01273aam a2200265   4500
=001  15667
=005  20250121142131.0
=008  201111s2003\\\\\\\\\\\\\\\\\\\\\\0\ger
=020  \\$a3895121215
=041  \\$ager
=100  \\$4edt$aSiegmund, Bert$916843
=245  \\$aGestik und Affekt in der Musik des 17. und 18. Jahrhunderts:$bXXVIII. Internationale Wissenschaftliche Arbeitstagung, Michaelstein, 19. bis 21. Mai 2000
=260  \\$aBlankenburg$bStiftung Kloster Michaeltstein$c2003
=300  \\$a217 pages
=490  \\$aMichaelstein Konferenzberichte$v63
=590  \\$aGewidmet dem Gedenken an Günter Fleischhauer
=648  \0$a17th Century (1601-1700)$1http://www.wikidata.org/entity/Q7016$920923
=648  \0$a18th Century (1701-1800)$1http://www.wikidata.org/entity/Q7015$920899
=650  \0$aAffect$1http://www.wikidata.org/entity/Q159904$92060
=650  \0$aEmotion$1http://www.wikidata.org/entity/Q9415$921566
=650  \0$aMusic history$1http://www.wikidata.org/entity/Q846047$921373
=700  \\$4dte$aFleischhauer, Günter$d1928-2002$1http://www.wikidata.org/entity/Q72937039$910889
=942  \\$cBOO
=952  \\$00$10$2ddc$40$6GHM_5_000000000000000$70$8GHM$915669$aORPH$bORPH$cKM12_1$d2022-02-25$oGHM5$p20130357$r2021-01-12 00:00:00$w2021-01-12$yBOO
=999  \\$d15667

