=LDR  01376aam a2200193   4500
=001  15668
=005  20250120120116.0
=008  170109s2002\\\\\\\\\\\\\\\\\\\\\\0\n
=020  \\$a9021450623
=041  \\$adut
=100  \\$4Auteur$aAndriessen, Louis$d1939-2021$1http://www.wikidata.org/entity/Q504743$915949
=100  \\$4(ed., inl.)$aZegers, Mirjam$917582
=245  \\$aGestolen tijd
=260  \\$aAmsterdam$bQuerido$c2002
=300  \\$a357
=520  \\$aIn 'Gestolen tijd. Alle Verhalen' is Louis Andriessen aan het woord over zijn eigen werk en alles wat daar direct, zijdelings of helemaal niet mee te maken heeft. Zo vertelt hij over zijn collega's en de ensembles die hij oprichtte. In een heldere stijl vertelt hij persoonlijke herinneringen en geeft hij toelichting bij meer abstracte muzikale onderwerpen. 'Gestolen tijd' bevat verder lezingen en interviews over zijn eiegn werk: vanaf 'De Staat', het stuk waarmee hij vijfentwintig jaar geleden het muzikale landschap deed kantelen, tot en met de laatste opera die hij met Peter Greenaway maakte, ' Writing to Vermeer'. Andriessen herstelt de anektdote in ere als belangrijk middel tot kennisoverdracht en roept meer vragen op dan hij beantwoordt.
=942  \\$cBOO
=952  \\$00$10$2ddc$40$6BIO_ANDR_A$70$8BIO$915670$aORPH$bORPH$cKTS1_P$d2021-11-30$oBIO ANDR a$p20138967$r2021-01-12 00:00:00$w2021-01-12$yBOO
=999  \\$c15668$d15668

