=LDR  00934aam a2200193   4500
=001  15669
=005  20230123102429.0
=008  111129s2009\\\\\\\\\\\\\\\\\\\\\\0\eng
=020  \\$a9780230584761
=041  \\$aeng
=100  \\$aWilliams, Kate$4aut$917583
=245  \\$aGetting critical
=260  \\$aHampshire$bPalgrave Macmillan$c2009
=300  \\$a96 pages
=490  \\$aPocket Study Skills
=520  \\$aStudents need to think critically about what they read or hear. This accessible guide shows students what being 'critical' in their work means, and how to bring that 'critical' dimension into all the work they do. It addresses the need and the skills of being critical in relation to reading and writing and is ideal for students at any level.
=942  \\$cBOO
=952  \\$00$10$2ddc$40$6REF_2_000000000000000_WILL$70$8REF$915671$aORPH$bORPH$cKM12_1$d2021-08-24$g5.00$oREF2 WILL$p20131168$r2021-01-12 00:00:00$w2021-01-12$yBOO
=999  \\$d15669

