=LDR  01442aam a2200181   4500
=001  15670
=005  20230123102429.0
=008  120425s1997\\\\\\\\\\\\\\\\\\\\\\0\eng
=020  \\$a9780374524777
=041  \\$aeng
=100  \\$aPeters, Robert L.$4aut$917584
=245  \\$aGetting What You Came For: The Smart Student's Guide to Earning an M.A. or a Ph.D.
=260  \\$aNew York$bFarrar, Straus and Giroux$c1997
=300  \\$a399 pages
=520  \\$aIs graduate school right for you? 
Should you get a master?s or a Ph.D.? 
How can you choose the best possible school? 

This classic guide helps students answer these vital questions and much more. It will also help graduate students finish in less time, for less money, and with less trouble. 

Based on interviews with career counselors, graduate students, and professors, Getting What You Came For is packed with real-life experiences. It has all the advice a student will need not only to survive but to thrive in graduate school, including: instructions on applying to school and for financial aid; how to excel on qualifying exams; how to manage academic politics?including hostile professors; and how to write and defend a top-notch thesis. Most important, it shows you how to land a job when you graduate.



=942  \\$cBOO
=952  \\$00$10$2ddc$40$6REF_2_000000000000000_PETE$70$8REF$915672$aORPH$bORPH$cKM12_1$d2021-08-24$oREF2 PETE$p20131155$r2021-01-12 00:00:00$w2021-01-12$yBOO
=999  \\$d15670

