=LDR  00623aam a2200181   4500
=001  15672
=005  20250120120116.0
=008  120223s1995\\\\\\\\\\\\\\\\\\\\\\0\n
=020  \\$a9789029510257
=041  \\$adut
=100  \\$aCioran, Emil Michel$4aut$917585
=245  \\$aGevierendeeld
=260  \\$aAmsterdam$bDe Arbeiderspers$c1995
=300  \\$a163
=520  \\$aFilosofische aforismen en enkele langere teksten van radicaal-pessimistische signatuur.
=942  \\$cBOO
=952  \\$00$10$2ddc$40$6PHI_CIOR_A$70$8PHI$915674$aORPH$bORPH$cKM12_3_2$d2021-08-11$oPHI CIOR a$p20133626$r2021-01-12 00:00:00$w2021-01-12$yBOO
=999  \\$c15672$d15672

