=LDR  01399aam a2200181   4500
=001  15673
=005  20250120120116.0
=008  120328s1993\\\\\\\\\\\\\\\\\\\\\\0\\\\
=020  \\$a9789061683872
=100  \\$4Editor$aHalbertsma, Marlite$917586
=100  \\$4Editor$aZijlmans, Kitty$917587
=245  \\$aGezichtspunten: Een inleiding in de methoden van de kunstgeschiedenis
=260  \\$aAmsterdam$bSun$c1993
=300  \\$a352
=520  \\$aGezichtspunten beoogt de pluriformiteit van de actuele, internationaal gehanteerde, kunsthistorische methoden onder de aandacht te brengen. In negen hoofdstukken, geschreven door experts, wordt inzicht gegeven in de diverse richtingen en de daarbij behorende vraagstellingen. Deze bundel laat zien dat reeds beproefde methoden als de stijlkritiek en de iconologie nog volop in ontwikkeling zijn, en maakt duidelijk in welke mate het marxistische denken en de feministische beoefening van de kunstgeschiedenis hebben bijgedragen tot de herziening van het vak. Daarnaast komen ook recent ontwikkelde richtingen als de semiotiek, de kunstsociologie en de systeemtheorie aan bod. 

Dit boek is onmisbaar voor eenieder, beginner en gevorderde, die zich met het vak kunstgeschiedenis bezighoudt. 

=942  \\$cBOO
=952  \\$00$10$2ddc$40$6VIS_HALB$70$8VIS$915675$aORPH$bORPH$cKTS1_H$d2022-09-20$l0$oVIS HALB$p20111084$r2021-01-12 00:00:00$w2021-01-12$yBOO
=999  \\$c15673$d15673

