=LDR  00898aam a2200217   4500
=001  15674
=005  20250120120116.0
=008  150226s2009\\\\\\\\\\\\\\\\\\\\\\0\d
=020  \\$a9783033022522
=041  \\$ager
=100  \\$aKraut, Peter$917588
=245  \\$aGibt es Forschung ohne Kunst?: Jahrbuch Nr. 4/ 2009: Hochschule der Künste Bern
=246  \1$aCi ceci était une pipe?
=260  \\$aBern$bAZ druck und datentechnik GmbH$c2009
=260  \\$aBern$bHochschule der Künste Bern$c2009
=300  \\$a88-[188] pages
=490  \\$aJahrbuch$vNr. 4/ 2009
=942  \\$cBOO
=952  \\$00$10$2ddc$40$6REF_3_000000000000000_KRAU$70$8REF$915676$aORPH$bORPH$cKM12_1$d2021-08-24$oREF3 KRAU$p20134333$r2021-01-12 00:00:00$w2021-01-12$yBOO
=952  \\$00$10$2ddc$40$6REF_3_000000000000000_KRAU$70$8REF$918985$aORPH$bORPH$cKM12_1$d2021-08-24$oREF3 KRAU$p20134334$r2021-01-12 00:00:00$w2021-01-12$yBOO
=999  \\$d15674

