=LDR  00520aam a2200169   4500
=001  15682
=005  20230123102431.0
=008  120216s1986\\\\\\\\\\\\\\\\\\\\\\0\n
=020  \\$a2020093766
=041  \\$adut
=100  \\$aVitoux, Frédéric$4aut$917596
=245  \\$aGioacchino Rossini
=260  \\$aAmsterdam$bDe Arbeiderspers$c1986
=300  \\$a246
=942  \\$cBOO
=952  \\$00$10$2ddc$40$6BIO_ROSS2_D$70$8BIO$915684$aORPH$bORPH$cKTS1_P$d2021-10-19$oBIO ROSS2 d$p20129923$r2021-01-12 00:00:00$w2021-01-12$yBOO
=999  \\$c15682$d15682

