=LDR  02081aam a2200241   4500
=001  15690
=005  20250925143303.0
=008  170505s1989\\\\\\\\\\\\\\\\\\\\\\0beng
=020  \\$a0394562992
=041  \\$aeng
=100  \\$aFriedrich, Otto$4aut$917602
=245  \\$aGlenn Gould:$bA Life and Variations
=260  \\$aNew York$bRandom House$c1989
=300  \\$a441 pages
=520  \\$aHe was a virtuoso of the piano who inspired an almost religious fervor in his fans, yet he hated performing and left the concert stage forever at the age of 31. He was a tireless advocate of the technology of recording, an artist who looked forward to a time when mere musicians would be rendered obsolete. He was a notorious -- and, some thought, a deliberate -- eccentric, who muffled himself in scarves and gloves, liberally dosed himself with pills, and once sued Steinway & Sons because one of its employees had shaken his hand too roughly. He lived in hermetic solitude and liked to call himself "the last Puritan," but those who watched Glenn Gould play piano saw an eroticism so intense it was almost embarrassing.

Drawing on extensive interviews and on archival materials that were previously inaccessible. Otto Friedrich has written a biography of exemplary depth and stylishness. Ranging over Gould's brief but spectacular public career and his prodigious exploits as teacher, author, and lecturer, his public opinions and his intensely private life. Glenn Gould; A Life and Variations does justice to a multifaceted and perverse genius.
=600  \0$aGould, Glenn$d1932-1982$1http://www.wikidata.org/entity/Q216924$916347
=648  \0$a20th Century (1901-2000)$1http://www.wikidata.org/entity/Q6927$920936
=650  \0$aPianist$1http://www.wikidata.org/entity/Q486748$92959
=650  \0$aBiography$1http://www.wikidata.org/entity/Q36279$91927
=651  \0$aCanada$1http://www.wikidata.org/entity/Q16$921662
=942  \\$cBOO
=952  \\$00$10$2ddc$40$6BIO_GOUL_D$70$8BIO$915692$aORPH$bORPH$cKTS1_P$d2016-08-23$g40.00$oBIO GOUL d$p20129872$r2021-01-12 00:00:00$w2021-01-12$yBOO
=999  \\$d15690

