=LDR  03795agm a2200397   4500
=001  15692
=005  20251103124736.0
=008  170505s2011\\\\\\\\\\\\\\\\\\\\\\mleng\d
=041  \\$aeng
=100  \\$4prf$aGould, Glenn$d1932-1982$1http://www.wikidata.org/entity/Q216924$916347$ePiano
=245  \\$aGlenn Gould on Television:$bThe Complete CBC Broadcasts 1954-1977
=260  \\$as.l.$bSony Classical$c2011
=300  \\$a10-DVD, mono
=505  \\$gDVD 1: Early TV performances and program excerpts (1954-1974) -- DVD 2: Music in the USSR; Glenn Gould on Bach (1962) -- DVD 3: Richard Strauss; A Personal View; The Anatomy of the Fugue (1962 & 1963) -- DVD 4: Anthology of Variation; Duo Glenn Gould & Yehudi Menuhin (1964 & 1966) -- DVD 5: Conversations with Glenn Gould; Humphrey Burton Interviews; Bach & Beethoven (1964 & 1966) -- DVD 6: Conversations with Glenn Gould; Humphrey Burton Interviews; Schoenberg & R. Strauss (1966) -- DVD 7: Music for a Sunday Afternoon; Mozart & Beethoven; The Canada Centennial Concert (1967) -- DVD 8: The Idea of North, a film by Judith Pearlman; The Beethoven Bicentennial Concert (1970) -- DVD 9: Musicamera Music In Our Time; The Age of Ecstasy: 1900 1910; The Flight from Order: 1910 1920 (1974 & 1975) -- DVD 10: Musicamera Music In Our Time; New Faces, Old Forms: 1920 1930; The Artist as Artisan: 1930 1940 (1974 & 1975)
=520  \\$aBy the time he reached his mid-20s, Glenn Gould had changed the way the world listened to the keyboard works of Johann Sebastian Bach. By the time of his fatal stroke in 1982, two days after he turned 50, this daring and visionary artist had successfully challenged many of the most cherished conventions of classical music. Now, for the first time, the dozens of film and television programs Gould made with the Canadian Broad casting Corporation from 1954 to 1977 are collected in their entirety in Glenn Gould on Television The Complete CBC Broadcasts. More than 19 hours of TV specials, concert performances, interviews and discussions collected on 10 DVDs make it possible to discover what Gould always considered some of his most significant and original life's work, most of which has not been seen since it was first telecast.
=600  \0$aBach, Johann Sebastian$d1685-1750$1http://www.wikidata.org/entity/Q1339$94766
=600  \0$aBeethoven, Ludwig van$d1770-1827$1http://www.wikidata.org/entity/Q255$95335
=600  \0$aMozart, Wolfgang Amadeus$d1756-1791$1http://www.wikidata.org/entity/Q254$95341
=600  \0$aStrauss, Richard$d1864-1949$1http://www.wikidata.org/entity/Q13894$914264
=600  \0$aSchoenberg, Arnold$d1874-1951$1http://www.wikidata.org/entity/Q154770$915986
=648  \0$a20th Century (1901-2000)$1http://www.wikidata.org/entity/Q6927$920936
=650  \0$aPianist$1http://www.wikidata.org/entity/Q486748$92959
=650  \0$aPerformance$1http://www.wikidata.org/entity/Q6942562$926223
=650  \0$aTelevision$1http://www.wikidata.org/entity/Q289$927283
=650  \0$aMusic criticism$1http://www.wikidata.org/entity/Q11748889$921598
=650  \0$aMusical interpretation$1http://www.wikidata.org/entity/Q1668139$94533
=650  \0$aMusic history$1http://www.wikidata.org/entity/Q846047$921373
=650  \0$aFugue$1http://www.wikidata.org/entity/Q181014$93142
=651  \0$aCanada$1http://www.wikidata.org/entity/Q16$921662
=651  \0$aUSA$1http://www.wikidata.org/entity/Q30$943
=651  \0$aRussia$1http://www.wikidata.org/entity/Q159$921008
=700  \\$aMenuhin, Yehudi$d1916-1999$cSir$1http://www.wikidata.org/entity/Q156814$4prf$917229$eViolin
=700  \\$aBurton, Humphrey$4ivr$941149
=942  \\$cREC
=952  \\$00$10$2ddc$40$70$8REC$915694$aORPH$bORPH$cKM12_2_B$d2016-08-12$g79.00$l0$p20116701$r2021-01-12 00:00:00$w2021-01-12$yREC$VAmazon
=999  \\$d15692

