=LDR  02319aam a2200229   4500
=001  15695
=005  20250925143303.0
=008  170505s1997\\\\\\\\\\\\\\\\\\\\\\0beng\d
=020  \\$a0198166567
=041  \\$aeng
=100  \\$aBazzana, Kevin$4aut$917607
=245  \\$aGlenn Gould:$bThe Performer in the Work. A Study in Performance Practice
=260  \\$aOxford$bClarendon$c1997
=300  \\$a297 pages$eCD
=520  \\$aThis book is a detailed study of the great Canadian pianist, broadcaster, writer, and composer Glenn Gould (1932-82). While looking primarily on his performances, it also situates his work and thought more broadly within relevant musical, cultural, intellectual, and historical contexts. It incorporates most of the existing primary and secondary literature on Gould, as well as many ideas, interpretations, and perspectives that have never before been discussed. It also incorporates ideas from a wide range of literature, both musical and otherwise, and draws from unparalleled access to the Glenn Gould Papers in the National Library of Canada. The book offers a more comprehensive, balanced, and thoroughly researched portrait of Gould as pianist and interpreter than any previous volume in the Gould literature. 

Following an introduction that summarizes Gould's career and the posthumous interest in him, the book divides into two parts. Part 1, "Premises," focuses on the intellectual and aesthetic ideas that informed his performances, and draws on literature from many fields, including music history and aesthetics, cultural history, the history of performance practice, theatre, literary criticism, and music analysis. Part 2, "Practices," focuses in detail on Gould the pianist, illuminating important features of his style through prose description and critical analysis, and including graphic musical examples and plates.
=600  \0$aGould, Glenn$d1932-1982$1http://www.wikidata.org/entity/Q216924$916347
=648  \0$a20th Century (1901-2000)$1http://www.wikidata.org/entity/Q6927$920936
=650  \0$aPianist$1http://www.wikidata.org/entity/Q486748$92959
=650  \0$aPerformance$926223
=942  \\$cBOO
=952  \\$00$10$2ddc$3CD : 1$40$6BIO_GOUL_E$70$8BIO$915697$aORPH$bORPH$cKTS1_P$d2016-09-09$g94.00$oBIO GOUL e$p20129828$r2021-01-12 00:00:00$w2021-01-12$yBOO$VAmazon
=999  \\$d15695

