=LDR  01345aam a2200181   4500
=001  15696
=005  20230123102433.0
=008  120111s2003\\\\\\\\\\\\\\\\\\\\\\0\e
=020  \\$a019280359X
=041  \\$aeng
=100  \\$aSteger, B. Manfred$4aut$917608
=245  \\$aGlobalization: A very short introduction
=260  \\$aOxford$bOxford university press$c2003
=300  \\$a147
=520  \\$a"Globalization" has become the buzz-word of our time. A growing number of scholars and political activists have invoked the term to describe a variety of changing economic, political, cultural, ideological, and environmental processes that are alleged to have accelerated in the last few decades. Rather than forcing such a complex social phenomenon into a single conceptual framework, Manfred Steger presents globalization in plain, readable English as a multifaceted process encompassing global, regional, and local aspects of social life. In addition to explaining the various dimensions of globalization, the author explores whether globalization should be considered a "good" or "bad" thing--a question that has been hotly debated in classrooms, boardrooms, and on the streets.
=942  \\$cBOO
=952  \\$00$10$2ddc$40$6PHI_STEG_A$70$8PHI$915698$aORPH$bORPH$cKM12_3_2$d2021-08-03$oPHI STEG a$p20132892$r2021-01-12 00:00:00$w2021-01-12$yBOO
=999  \\$c15696$d15696

