=LDR  00976aam a2200181   4500
=001  15697
=005  20230123102433.0
=008  180307s2017\\\\\\\\\\\\\\\\\\\\\\0\eng
=041  \\$aeng
=100  \\$aMunoz, Carlos Miguel Roos$4aut$917609
=245  \\$aGlobal music: recasting and rethinking the popular as global
=260  \\$aLeiden$bLeiden University$c2017
=300  \\$a356 pages
=520  \\$aProefschrift ter verkrijging van de graag van Doctor aan de Universiteit Leiden, op gezag van Rector Magnificus prof. mr. C.J.J.M. Stolker, volgens het besluit van het College voor Promoties te verdedigen op 22 november 2017 klokke 10:00 uur.
=942  \\$cDIS
=952  \\$00$10$2ddc$40$6MTP_5_000000000000000_MUNO$70$8MTP$915699$aORPH$bORPH$cKM12_1$d2021-08-31$oMTP5 MUNO$p20131362$r2021-01-12 00:00:00$w2021-01-12$yDIS
=952  \\$00$10$2ddc$40$6MTP_5_000000000000000_MUNO$70$8MTP$915700$aORPH$bORPH$cKM12_1$d2021-08-31$oMTP5 MUNO$p20131363$r2021-01-12 00:00:00$w2021-01-12$yDIS
=999  \\$d15697

