=LDR  01973aam a2200265   4500
=001  15704
=005  20250121142131.0
=008  140509s2009\\\\\\\\\\\\\\\\\\\\\\0\eng
=020  \\$a9780754655206
=041  \\$aeng
=100  \\$aByrne Bodley, Lorraine$4aut$917614
=245  \\$aGoethe and Zelter:$bMusical Dialogues
=260  \\$aFarnham$bAshgate$c2009
=300  \\$a585 pages
=520  \\$aGoethe and Zelter spent a staggering thirty-three years corresponding. Zelter's position as director of the Sing-Akademie zu Berlin and Goethe's location in Weimar resulted in a wide-ranging correspondence. Goethe's letters offer a chronicle of his musical development, from the time of his journey to Italy to the final months of his life, while Zelter's letters retrace his path from stonemason to Professor of Music in Berlin. The 891 letters that passed between these artists provide an important musical record of the music performed in public concerts in Berlin and in the private and semi-public soirées of the Weimar court. The legacy contains a wide spectrum of letters, casual and thoughtfully composed, spontaneous and written for publication, rich with the details of Goethe's and Zelter's musical lives.
=600  \0$1http://www.wikidata.org/entity/Q5879$aGoethe, Johann Wolfgang von$d1749-1832$911175
=600  \0$1http://www.wikidata.org/entity/Q58857$aZelter, Carl Friedrich$d1758-1832$922803
=648  \0$1http://www.wikidata.org/entity/Q7015$a18th Century (1701-1800)$920899
=648  \0$1http://www.wikidata.org/entity/Q6955$a19th Century (1801-1900)$920935
=650  \0$1http://www.wikidata.org/entity/Q1784733$aCorrespondence$921392
=650  \0$1http://www.wikidata.org/entity/Q846047$aMusic history$921373
=651  \0$1http://www.wikidata.org/entity/Q183$aGermany$9155
=942  \\$cBOO
=952  \\$00$10$2ddc$40$6BIO_GOET_E$70$8BIO$915707$aORPH$bORPH$cKTS1_P$d2021-10-19$g77.21$oBIO GOET e$p20129821$r2021-01-12 00:00:00$w2021-01-12$yBOO$VAmazon
=999  \\$d15704

