=LDR  01654aam a2200181   4500
=001  15707
=005  20251009081720.0
=008  140509s2004\\\\\\\\\\\\\\\\\\\\\\0\e
=020  \\$a9781904505105
=041  \\$aeng
=100  \\$4edt$aByrne Bodley, Lorraine$917614
=245  \\$aGoethe: Musical poet, musical catalyst : Proceedings of the conference hosted by the Department of Music, National University of Ireland, Maynooth, 26 & 27 March 2004
=260  \\$aIreland$bCaryfort Press$c2004
=300  \\$a375
=520  \\$aThe high degree of admiration for Goethe by people of all kinds, including some who were themselves possessed of creative ability of the highest order, and in fields quite different from literature is something unique in the history of European culture. Reasons for the poet's reputation are found not only in his art but in his influence on contemporaries, and on the generation of artists and musicians who came after him Perhaps more than any other writer, Goethe has had a great influence on the European musical heritage which continues down to the present day. Given not just the magnitude of Goethe's genus but its exceptionally forward-looking character. It is little wonder that the attitudes of many gifted artists towards him were ambivalent or antagonistic. The aim of this volume is to address the salent misconception that Goethe was unmusical, and to explore some of the musical riches his poetry has inspired and continues to call forth.
=942  \\$cBOO
=952  \\$00$10$2ddc$40$6BIO_GOET_E$70$8BIO$915710$aORPH$bORPH$cKTS1_P$d2021-10-19$g40.10$oBIO GOET e$p20129820$r2021-01-12 00:00:00$w2021-01-12$yBOO$VAmazon
=999  \\$c15707$d15707

