=LDR  00516aam a2200157   4500
=001  15711
=005  20230123102435.0
=008  190506s1927\\\\\\\\\\\\\\\\\\\\\\0bfre\d
=041  \\$afre
=100  \\$aDufrane, Louis$4aut$917620
=245  \\$aGossec : $bsa vie, ses œuvres
=260  \\$aParis$bFischbacher$aBrussels$bLamertin$c1927
=300  \\$a267 pages
=942  \\$cBOO
=952  \\$00$10$2ddc$40$6BIO_GOSS_D$70$8RAR$915714$aORPH$bORPH$cKTS1_H$d2022-09-02$l0$oBIO GOSS d$p20130218$r2021-01-12 00:00:00$w2021-01-12$yBOO
=999  \\$d15711

