=LDR  00749aam a2200181   4500
=001  15715
=005  20230123102435.0
=008  150226s2014\\\\\\\\\\\\\\\\\\\\\\0\mul
=020  \\$a9789491564024
=041  \\$aeng$adut
=100  \\$4edt$aDe Temmerman, Wim$917622
=245  \\$aGraduation 2014.$bNaar aanleiding van de presentatie van de afstudeerprojecten 2014 aan de School of Arts Gent
=260  \\$aGent$bNew Goff$c2014
=300  \\$a160 pages
=590  \\$aPublished on the occasion of the presentation of the graduation projects 2014 at the School of Arts Ghent
=942  \\$cBOO
=952  \\$00$10$2ddc$3Varia$40$6REF_3_000000000000000_DETE$70$8REF$915718$aORPH$bORPH$cKM12_1$d2021-08-24$oREF3 DETE$p20134327$r2021-01-12 00:00:00$w2021-01-12$yBOO
=999  \\$d15715

