=LDR  01002aam a2200229   4500
=001  15718
=005  20250925143303.0
=008  170306s1923\\\\\\\\\\\\\\\\\\\\\\0bfre\d
=041  \\$afre
=100  \\$aBaumann, Emile$4aut$917625
=245  \\$aLes grandes formes de la musique :$bl'œuvre de Camille Saint-Saëns
=260  \\$aParis$bOllendorff$c1923
=300  \\$a479 pages
=600  \0$aSaint-Saëns, Camille$d1835-1921$1http://www.wikidata.org/entity/Q150445$97644
=648  \0$a19th Century (1801-1900)$1http://www.wikidata.org/entity/Q6955$920935
=648  \0$a20th Century (1901-2000)$1http://www.wikidata.org/entity/Q6927$920936
=650  \0$aComposer$1http://www.wikidata.org/entity/Q36834$93625
=650  \0$aPianist$1http://www.wikidata.org/entity/Q486748$92959
=651  \0$aFrance$1http://www.wikidata.org/entity/Q142$9131
=942  \\$cBOO
=952  \\$00$10$2ddc$40$6BIO_SAIN_B$70$8BIO$915721$aORPH$bORPH$cKTS1_P$d2021-10-19$oBIO SAIN b$p20131041$r2021-01-12 00:00:00$w2021-01-12$yBOO
=999  \\$d15718

