=LDR  00871aam a2200217   4500
=001  15723
=005  20250925143303.0
=008  190509s1931\\\\\\\\\\\\\\\\\\\\\\0\fre
=041  \\$afre
=100  \\$aJankélévitch, Vladimir$d1903-1985$4aut$1http://www.wikidata.org/entity/Q728489$917630
=245  \\$aBergson
=260  \\$aParis$bAlcan$c1931
=300  \\$a300 pages
=490  \\$aLes grands philosophes
=600  \0$aBergson, Henri$d1859-1941$1http://www.wikidata.org/entity/Q42156$917172
=648  \0$a20th Century (1901-2000)$1http://www.wikidata.org/entity/Q6927$920936
=650  \0$aPhilosophy$1http://www.wikidata.org/entity/Q5891$92357
=651  \0$aFrance$1http://www.wikidata.org/entity/Q142$9131
=942  \\$cBOO
=952  \\$00$10$2ddc$40$6PHI_BERG_B$70$8PHI$915726$aORPH$bORPH$cKM12_3_2$d2021-08-11$oPHI BERG b$r2021-01-12 00:00:00$w2021-01-12$yBOO
=999  \\$c15723$d15723

