=LDR  01745aam a2200289   4500
=001  15727
=005  20251008124401.0
=008  120907s1991\\\\-usaf\\\\\\\\\\\\\0\eng\d
=041  \\$aeng
=100  \\$aMach, Elyse$4ivr$917632
=245  \\$aGreat Contemporary Pianists Speak for Themselves
=260  \\$aNew York, NY$bDover$c1991
=300  \\$a257 pages
=490  \\$aVolume 1
=520  \\$aFascinating interviews with 25 renowned pianists: Ashkenazy, Badura-Skoda, Bolet, Brendel, de Larrocha, Gould, Horowitz, Ohlsson, Tureck, Watts, 15 more. Revealing, candid thoughts about themselves, their careers, music they play, life of a concert pianist. "Mach's interviews will enhance the pleasure of any concertgoer."  People. Introduction by Sir Georg Solti. Includes 51 black-and-white photographs.
=600  \0$1http://www.wikidata.org/entity/Q160223$aArrau, Claudio$d1903-1991$911688
=600  \0$aHorowitz, Vladimir$d1903-1989$1http://www.wikidata.org/entity/Q192506$941534
=600  \0$aBadura-Skoda, Paul$d1927-2019$1http://www.wikidata.org/entity/Q93672$916015
=600  \0$1http://www.wikidata.org/entity/Q84148$aBrendel, Alfred$d1931-2025$915846
=600  \0$1http://www.wikidata.org/entity/Q216924$aGould, Glenn$d1932-1982$916347
=600  \0$aAshkenazy, Vladimir$d1937-$1http://www.wikidata.org/entity/Q157785$940334
=648  \0$a20th Century (1901-2000)$1http://www.wikidata.org/entity/Q6927$920936
=650  \0$aPianist$1http://www.wikidata.org/entity/Q486748$92959
=650  \0$aInterview$1http://www.wikidata.org/entity/Q178651$924895
=942  \\$cBOO
=952  \\$00$10$2ddc$40$6INS_3_000000000000000_3D_MACH$70$8INS$915730$aORPH$bORPH$cKTS0$d2023-09-22$oINS3.3d MACH$p20126020$r2021-01-12 00:00:00$w2021-01-12$yBOO
=999  \\$d15727

