=LDR  01145aam a2200193   4500
=001  15729
=008  120907s1999\\\\-usoa\\\\\\\\\\\\\0\eng\d
=041  \\$aeng
=100  \\$aCooke, James Francis$4aut$917634
=245  \\$aGreat Pianists on Piano Playing.$bGodowsky, Hofmann, Lhévinne, Paderewski and 24 Other Legendary Performers
=260  \\$aMineola$bDover$c1999
=300  \\$a418 pages
=520  \\$aGreat pianists discuss topics ranging from piano technique and musical development to becoming a virtuoso. Included are Busoni's "Important Details in Piano Study," Rachmaninoff's "Essentials of Artistic Playing," Paderewski's "Breadth in Musical Art," and much more. Includes 2 introductory essays, artist biographies, artists' study questions, more.
=650  \0$aPiano$1http://www.wikidata.org/entity/Q5994$92127
=650  \0$aBiography$1http://www.wikidata.org/entity/Q36279$91927
=650  \0$aMusic history$1http://www.wikidata.org/entity/Q846047$921373
=942  \\$cBOO
=952  \\$00$10$2ddc$40$6INS_3_000000000000000_3D_COOK$70$8INS$915732$aORPH$bORPH$cKTS0$d2023-09-22$oINS3.3d COOK$p20125985$r2021-01-12 00:00:00$w2021-01-12$yBOO
=999  \\$d15729

