=LDR  01830aam a2200241   4500
=001  15732
=005  20250120120038.0
=008  140821s2004\\\\\\\\\\\\\\\\\\\\\\0\eng
=020  \\$a9780521616973
=041  \\$aeng$hgrc
=100  \\$aBarker, Andrew$4edt$4trl$917637
=245  \\$aGreek Musical Writings:$nII$pHarmonic and Acoustic Theory
=260  \\$aCambridge$bCambridge University$c2004
=300  \\$a581 pages
=520  \\$aThis second volume of Greek Musical Writings contains important texts on harmonic and acoustic theory, illustrating the progress of these sciences from their beginnings in the sixth century BC over the subsequent thousand years. Writers represented include Philolaus, Plato, Aristotle, Theophrastus, Aristoxenus, Ptolemy, Aristides, Archytas, and Quintilianus. All the Greek texts are newly translated by the editor. Some replace inadequate existing translations; other significant portions of the book include much that is essential for an understanding of medieval and Renaissance musicology. Dr Barker provides detailed and authoritative commentary and annotations to all the texts. Each section is prefaced by an introductory essay and some of the more complex issues are discussed further in appendices
=648  \0$aClassical Antiquity (8th Century BC-6th Century AD)$1http://www.wikidata.org/entity/Q486761$921435
=650  \0$aMusic theory$1http://www.wikidata.org/entity/Q193544$92662
=650  \0$aHarmony$1http://www.wikidata.org/entity/Q184421$92358
=650  \0$aAcoustics$1http://www.wikidata.org/entity/Q82811$921365
=651  \0$aGreece$1http://www.wikidata.org/entity/Q41$921778
=942  \\$cBOO
=952  \\$00$10$2ddc$40$6MTP_1_000000000000000_BARK$70$8MTP$915735$aORPH$bORPH$cKM12_1$d2014-08-18$l1$oMTP1 BARK$p20139102$r2022-06-08 00:00:00$s2021-03-12$v76.33$w2014-08-18$yBOO
=999  \\$d15732

