=LDR  01661aam a2200217   4500
=001  15733
=005  20250120120038.0
=008  140821s1984\\\\\\\\\\\\\\\\\\\\\\0\eng
=020  \\$a9780521389112
=041  \\$aeng$hgrc
=100  \\$aBarker, Andrew$4edt$4trl$917637
=245  \\$aGreek Musical Writings:$nI$pThe Musician and His Art
=260  \\$aCambridge$bCambridge University$c1984
=300  \\$a332 pages
=520  \\$aThis book is the first of two volumes offering a selection of Greek writings on music, newly translated into English and equipped with an extensive commentary. This volume contains passages from Greek poets, historians and essayists, evoking or describing aspects of the practical activities of musical performance and composition, together with excerpts from philosophers and social critics who comment on the moral, education and aesthetic dimensions of the art. Music was of fundamental importance in the culture of ancient Greece. Its nature and significance cannot now, perhaps, be fully recaptured, but we have a rich fund of information about the Greek experience of music, its forms, its meanings, its social roles, and the practical details of its composition and performance.
=648  \0$aClassical Antiquity (8th Century BC-6th Century AD)$1http://www.wikidata.org/entity/Q486761$921435
=650  \0$aMusic theory$1http://www.wikidata.org/entity/Q193544$92662
=651  \0$aGreece$1http://www.wikidata.org/entity/Q41$921778
=942  \\$cBOO
=952  \\$00$10$2ddc$40$6MTP_2_000000000000000_BARK$70$8MTP$915736$aORPH$bORPH$cKM12_1$d2014-08-28$l1$oMTP2 BARK$p20139101$r2022-06-08 00:00:00$s2021-03-12$v42.15$w2014-08-28$yBOO
=999  \\$d15733

