=LDR  01213aam a2200253   4500
=001  15735
=003  OSt
=005  20250120115935.0
=008  140110s1990\\\\\\\\\\\\\\\\\\\\\\0\eng
=020  \\$a9780253206015
=040  \\$cOI
=041  \\$aeng
=100  \\$aApel, Willi$d1893-1988$4aut$1http://www.wikidata.org/entity/Q215916$99146
=245  \\$aGregorian Chant
=260  \\$aBloomington, IN$bIndiana University Press$c1990
=300  \\$a529 pages
=520  \\$aWilli Apel's classic study of Gregorian chant is now in paperback. This extensive survey describes the evolutionary processes of its long history as well as its definition and terminology, the structure of the liturgy, the texts, the notation, the rhythm, the tonality, and the methods and forms of psalmody.
=534  \\$aOriginally published in 1958
=648  \0$aPast$1http://www.wikidata.org/entity/Q192630$922196
=650  \0$aPlainchant$1http://www.wikidata.org/entity/Q2707688$921363
=650  \0$aMusic history$1http://www.wikidata.org/entity/Q846047$921373
=942  \\$cBOO
=952  \\$00$10$2ddc$40$6GEN_2_000000000000000$70$8GEN$915738$aORPH$bORPH$cKM12_1$d2022-01-05$g27.00$oGEN2$p20126003$r2021-01-12 00:00:00$w2021-01-12$yBOO
=999  \\$d15735

