=LDR  02418aam a2200241   4500
=001  15736
=003  OSt
=005  20250109133341.0
=008  190917s1998\\\\\\\\\\\\\\\\\\\\\\0\eng
=020  \\$a9780691017334
=040  \\$cOI
=041  \\$aeng
=100  \\$aLevy, Kenneth$4aut$917638
=245  \\$aGregorian Chant and the Carolingians
=260  \\$aPrinceton, NJ$bPrinceton University Press$c1998
=300  \\$a271 pages
=520  \\$aA world-renowned scholar of plainchant, Kenneth Levy has spent a portion of his career investigating the nature and ramifications of this repertory's shift from an oral tradition to the written versions dating to the tenth century. In Gregorian Chant and the Carolingians, which represents the culmination of his research, Levy seeks to change long-held perceptions about certain crucial stages of the evolution and dissemination of the old corpus of plainchant--most notably the assumption that such a large and complex repertory could have become and remained fixed for over a century while still an oral tradition. Levy portrays the promulgation of an authoritative body of plainchant during the reign of Charlemagne by clearly differentiating between actual evidence, hypotheses, and received ideas.

How many traditions of oral chant existed before the tenth century? Among the variations noted in written chant, can one point to a single version as being older or more authentic than the others? What precursors might there have been to the notational system used in all the surviving manuscripts, where the notational system seems fully formed and mature? In answering questions that have long vexed many scholars of Gregorian chant's early history, Levy offers fresh explanations of such topics as the origin of Latin neumes, the shifting relationships between memory and early notations, and the puzzling differences among the first surviving neume-species from the tenth century, which have until now impeded a critical restoration of the Carolingian musical forms.
=648  \0$aMiddle Ages (500-1400)$1http://www.wikidata.org/entity/Q12554$920964
=650  \0$aPlainchant$1http://www.wikidata.org/entity/Q2707688$921363
=650  \0$aMusic history$1http://www.wikidata.org/entity/Q846047$921373
=942  \\$cBOO
=952  \\$00$10$2ddc$40$6GEN_2_000000000000000$70$8GEN$915739$aORPH$bORPH$cKM12_1$d2022-01-05$oGEN2$p20126004$r2021-01-12 00:00:00$w2021-01-12$yBOO
=999  \\$d15736

