=LDR  00806aam a2200169   4500
=001  15737
=005  20230123102437.0
=008  130415s2013\\\\\\\\\\\\\\\\\\\\\\0\dut
=041  \\$adut
=100  \\$aVan Tongeren, Mark$d-1968$4aut$917639
=245  \\$aGrenzen van het hoorbare: Over de meerstemmigheid van het lichaam
=260  \\$aLeiden$bLeiden University$c2013
=300  \\$a231 pages$eCD
=500  \\$aProefschrift ter verkrijging van de graad van Doctor aan de Universiteit Leiden op gezag van de Rector Magnificus prof. mr. C.J.J.M. Stolker, volgens besluit van het College voor promoties te verdedigen op 13 maart 2013.


=942  \\$cDIS
=952  \\$00$10$2ddc$3CD$40$6MTP_5_000000000000000_VANT$70$8MTP$915740$aORPH$bORPH$cKM12_1$d2021-08-31$oMTP5 VANT$p20131408$r2021-01-12 00:00:00$w2021-01-12$yDIS
=999  \\$d15737

