=LDR  00867aam a2200169   4500
=001  15740
=005  20250120120049.0
=008  120308s2002\\\\\\\\\\\\\\\\\\\\\\0\\\\
=020  \\$a9789053527955
=100  \\$aPopper, Karl$d1902-1994$4aut$1http://www.wikidata.org/entity/Q81244$916634
=245  \\$aDe groei van kennis
=260  \\$aAmsterdam$bBoom$c2002
=300  \\$a279
=520  \\$aVoor dit boek, dat een compleet beeld geeft van Poppers denken, is een keuze gemaakt uit zijn Conjectures and Refutations (1963). Alle hoofdstukken zijn variaties op het thema: wij kunnen van onze fouten leren. Omdat we van onze fouten leren, groeit onze kennis. Kennis groeit door gissingen en weerleggingen. 


=942  \\$cBOO
=952  \\$00$10$2ddc$40$6PHI_POPP_A$70$8PHI$915743$aORPH$bORPH$cKM12_3_2$d2021-08-02$oPHI POPP a$p20132863$r2021-01-12 00:00:00$w2021-01-12$yBOO
=999  \\$c15740$d15740

