=LDR  01114aam a2200229   4500
=001  15743
=008  131126r17541965nl\h\\\\\\\\\\\\\\0\dut
=041  \\$adut
=100  \\$aQuantz, Johann Joachim$d1697-1773$4aut$1http://www.wikidata.org/entity/Q77212$96465
=245  \\$aGrondig onderwijs van den aardt en de regte behandeling der dwarsfluit
=260  \\$aUtrecht$bOosthoek$c1965
=300  \\$a240 pages
=336  \\$aprinted
=590  \\$aEen herdruk van de oorspronkelijke Nederlandse uitgave van 1754
=648  \0$a18th Century (1701-1800)$1http://www.wikidata.org/entity/Q7015$920899
=650  \0$aMethod$1http://www.wikidata.org/entity/Q2250960$921402
=650  \0$aFlute$1http://www.wikidata.org/entity/Q11405$921276
=700  \\$4win$aBrüggen, Frans$d1934-2014$1http://www.wikidata.org/entity/Q711810$917642
=942  \\$cBOO
=952  \\$00$10$2ddc$40$6INS_6_000000000000000_2C_QUAN$70$8INS$915745$aORPH$bORPH$cKTS0$d2021-01-12$oINS6.2c QUAN$p20125984$r2021-01-12 00:00:00$w2021-01-12$yBOO
=952  \\$00$10$2ddc$40$70$8INS$915746$aORPH$bORPH$cKTS0$l0$p20114120$r2021-01-12 00:00:00$w2021-01-12$yBOO
=999  \\$d15743

