=LDR  00566aam a2200169   4500
=001  15746
=005  20250120120318.0
=008  131113s1731\\\\\\\\\\\\\\\\\\\\\\0\\\\
=041  \\$ager
=100  \\$aMattheson, Johann$d1681-1764$4aut$1http://www.wikidata.org/entity/Q170333$95222
=245  \\$aGrosse General-Bass-Schule
=260  \\$aMainz$bSchott$c1956
=300  \\$a48 p.
=700  \\$4edt$aFortner, Wolfgang$eEditor$917643
=942  \\$cBOO$2ddc
=952  \\$00$10$2ddc$40$70$8RAR$915749$aORPH$bORPH$cKTS1_H$d2021-01-12$l0$r2021-01-12 00:00:00$w2021-01-12$yRAR
=999  \\$c15746$d15746

