=LDR  00942aam a2200217   4500
=001  15750
=005  20251003085500.0
=008  170120s1996\\\\gw\a\\\\\\\\\\\\\\0\ger\d
=020  \\$a9783930656493
=041  \\$ager
=100  \\$aHollfelder, Peter$4aut$917644
=245  \\$aDas grosse Handbuch der Klaviermusik.$bHistorische Entwicklungen. Komponisten mit Biographien une Werkverzeichnissen. Nationale Schulen
=260  \\$aHamburg$bNikol Verlagsgesellschaft mbH$c1996
=300  \\$a1457 pages
=648  \0$1http://www.wikidata.org/entity/Q192630$aPast$922196
=650  \0$1http://www.wikidata.org/entity/Q2352616$aCatalogue$921484
=650  \0$1http://www.wikidata.org/entity/Q5994$aPiano$92127
=650  \0$1http://www.wikidata.org/entity/Q36834$aComposer$93625
=942  \\$cBOO
=952  \\$00$10$2ddc$40$6INS_3_000000000000000_3A$70$8INS$915753$aORPH$bORPH$cKTS0$d2023-09-13$l0$oINS3.3a$p20130168$r2021-01-12 00:00:00$w2021-01-12$yBOO
=999  \\$d15750

