=LDR  00748aam a2200169   4500
=001  15755
=005  20250120120118.0
=008  170214s1942\\\\\\\\\\\\\\\\\\\\\\0\d
=041  \\$ager
=100  \\$4aut$aKlausen, Sverre$917647
=245  \\$aGrundlinien der Kantischen Ästhetik: ein Beitrag zur Bestimmung der Lage von Kants Theorie des "Geschmacks" in der neueren Ästhetischen Forschung
=260  \\$aOslo$bI Kommisjon Hos Jacob Dybwad$c1942
=300  \\$a37
=520  \\$aAvhandlinger utgitt av Det Norske Videnskaps-Akademi I Oslo
Il. Hist.-Filos. Klasse. 1942. No. 1
=942  \\$cDIS
=952  \\$00$10$2ddc$40$6PHI_KANT_B_KLAU$70$8PHI$915758$aORPH$bORPH$cKM12_3_2$d2021-08-02$oPHI KANT b KLAU$p20132811$r2021-01-12 00:00:00$w2021-01-12$yDIS
=999  \\$c15755$d15755

