=LDR  01596aam a2200277   4500
=001  15760
=005  20250820130241.0
=008  170706s1821\\\\\\\g\\\\\\\\\\\\\\0\fre\d
=041  \\$af
=059  \\$avv
=100  \\$aWilhem$d1781-1842$1http://www.wikidata.org/entity/Q3568257$4aut$917649
=245  \\$aGuide de la méthode élémentaire et analytique de musique et de chant.$bMusique$n2/2
=260  \\$aParis$bChez l'auteur$c1821
=300  \\$a[iv]-22-3pages$bmusic examples
=500  \\$aLouis Bocquillon, known as Wilhem or Bocquillon-Wilhem, was a French composer and teacher. 
=500  \\$aWilhem is considered to be the restorer of popular choral singing in France; in fact, he reinstated choral singing in Paris primary schools, where it had disappeared with the French Revolution. He initiated the popular orphéon choral movement thanks to a mutual teaching method that bears his name.
=590  \\$aAdoptée par la société d'instruction élémentaire
=648  \0$a19th Century (1801-1900)$1http://www.wikidata.org/entity/Q6955$920935
=650  \0$aMethod$1http://www.wikidata.org/entity/Q2250960$921402
=650  \0$aSinging$1http://www.wikidata.org/entity/Q27939$92767
=650  \0$aVocal music$1http://www.wikidata.org/entity/Q685884$93319
=650  \0$aMusic education$1http://www.wikidata.org/entity/Q27908$921766
=651  \0$aFrance$1http://www.wikidata.org/entity/Q142$9131
=942  \\$cBOO
=952  \\$00$10$2ddc$40$6KTS_1_000000000000000_H_02_060$70$8RAR$915763$aORPH$bORPH$cKTS1_H$d2021-01-12$l0$oKTS1 H.02.060$p20146512$r2021-01-12 00:00:00$w2021-01-12$yBOO
=999  \\$d15760

