=LDR  01253aam a2200205   4500
=001  15771
=005  20250120115745.0
=008  130423s2003\\\\\\\\\\\\\\\\\\\\\\0\eng
=020  \\$a9789080972001
=041  \\$aeng
=245  \\$aGuide to Contemporary Music in Flanders
=260  \\$aBrussels$bMuziekcentrum Vlaanderen$c2008
=300  \\$a78 pages$e2 CD's
=520  \\$aDe "Guide to Contemporary Music in Flanders" is een Engelstalige publicatie van het Muziekcentrum Vlaanderen en bevat informatie over Vlaamse ensembles, festivals, documentatiecentra e.a. actief binnen hedendaagse muziek. Bij de publicatie zit ook een cd, samengesteld door André Laporte (Vlaams vertegenwoordiger bij de International Society for Contemporary Music - ISCM) met een selectie van de meest belangrijke ensembles. De gids wordt enkel voor promotionele doeleinden gebruikt en is niet in de handel verkrijgbaar.
=651  \0$aFlanders (Belgium)$1http://www.wikidata.org/entity/Q234$989
=700  \\$4aut$avan Remortel, Katrien$917653
=700  \\$4aut$aWouters, Marie-Paule$917654
=942  \\$cBOO
=952  \\$00$10$2ddc$3CD : 2$40$6TOP_BE_FLA_7_000000000000000$70$8TOP$915774$aORPH$bORPH$cKM12_1$d2021-08-30$oTOP BE.FLA 7$p20134061$r2021-01-12 00:00:00$w2021-01-12$yBOO
=999  \\$d15771

