=LDR  01926aam a2200217   4500
=001  15773
=005  20250120115745.0
=008  120127s2009\\\\\\\\\\\\\\\\\\\\\\0\eng
=041  \\$aeng
=110  \\$4aut$aFlanders Arts Institute (Brussels, Belgium)$1http://www.wikidata.org/entity/Q26972306$922101
=245  \\$aGuide to Early Music in Flanders
=250  \\$a2nd ed.
=260  \\$aBrussels$bMuziekcentrum Vlaanderen$c2009
=300  \\$a98 pages
=520  \\$aDeze praktische Engelstalige publicatie over oude muziek en de historische uitvoeringspraktijk in Vlaanderen bestaat uit 3 delen. Het eerste deel bevat een algemene inleiding op de oude muziekbeweging in Vlaanderen die werd geschreven door Knack-journalist Peter Vandeweerdt naar aanleiding van Musica Antiqua Revisited en een muziekhistorische inleiding door Dr. Bruno Boeckaert. Het tweede deel behandelt de artiesten (ensembles, solisten, dirigenten) aan de hand van een korte bio, de specialisatie en contactgegevens. Het derde deel geeft aan de hand van een korte omschrijving en contactgegevens een overzicht van allerlei soorten organisaties actief in de oude muziek: bibliotheken en documentatiecentra, festivals en concertzalen, conservatoria en hogere opleidingen, media, uitgevers, cd-labels etc. Het laatste deel over subsidies voor Vlaamse artiesten heeft als doel buitenlandse programmatoren op de hoogte te brengen over de mogelijke ondersteuning die men kan verkrijgen bij het uitnodigen van een Vlaams ensemble.
=648  \0$a21st Century (2001-2100)$1http://www.wikidata.org/entity/Q6939$920812
=650  \0$aHistorically informed performance$1http://www.wikidata.org/entity/Q1344860$920980
=651  \0$aFlanders (Belgium)$1http://www.wikidata.org/entity/Q234$989
=942  \\$cBOO
=952  \\$00$10$2ddc$40$6TOP_BE_FLA_0_000000000000000$70$8TOP$915776$aORPH$bORPH$cKTS0$d2021-08-30$oTOP BE.FLA 0$p20131244$r2021-01-12 00:00:00$w2021-01-12$yBOO
=999  \\$d15773

