=LDR  01518aam a2200217   4500
=001  15775
=005  20230123102440.0
=008  120524s2005\\\\\\\\\\\\\\\\\\\\\\0\eng
=020  \\$a9780810852402
=041  \\$aeng
=245  \\$aA guide to research in music education
=260  \\$aLanham$bScarecrow Press$c2005
=300  \\$a275 pages
=520  \\$aThis Fifth Edition presents an updated and practical approach to the research concepts, techniques, and sources from the 4th edition. A new chapter concerning music and technology covers the current available resources for students and researchers. Other updates include separate chapters on philosophical inquiry and aesthetic inquiry becoming integrated, formulating and implementing research problems, and aligning qualitative research with recent concepts and techniques.

This is an essential tool for students tackling problems as varied as research proposals, field research strategies, data analysis, and statistical techniques. Researchers will find current sources and concise instruction in the formulation of a research proposal, its implementation, and dissemination of research results.


=700  \\$4aut$aFerrara, Lawrence$917657
=700  \\$4aut$aPhelps, Roger P.$917658
=700  \\$4aut$aSadoff, Ronald F.$917659
=700  \\$4aut$aWarburton, Edward C.$917660
=942  \\$cBOO
=952  \\$00$10$2ddc$40$6REF_2_000000000000000_FERR$70$8REF$915778$aORPH$bORPH$cKM12_1$d2021-08-23$g38.21$oREF2 FERR$p20131148$r2021-01-12 00:00:00$w2021-01-12$yBOO
=999  \\$d15775

