=LDR  01783aam a2200241   4500
=001  15784
=005  20250120120125.0
=008  190606s1998\\\\\\\\\\\\\\\\\\\\\\0\eng
=020  \\$a9780815313274
=041  \\$aeng$hfrm
=100  \\$4aut$aMachaut, Guillaume de$dc. 1300-1377$1http://www.wikidata.org/entity/Q200580$917669
=245  \\$aLe Livre dou Voir Dit$b(The Book of the True Poem)
=260  \\$aNew York$aLondon$bGarland$c1998
=300  \\$a766 pages
=520  \\$aThis is the first complete edition and the first English translation of one of the most fascinating poems of the late Middle Ages. Machaut's narrative tells 'the true story' of the aged poet's romance with a young admirer, constructed around the letters and lyric poems they exchanged, and offers unique insights into the making of poetry, music and manuscripts. Introductory essays survey Machaut's biography, re-evaluate the autobiographical content of the poem, explore the literary context, and discuss the miniatures, which are reproduced within the text. Also included is a full listing of variant readings, a commentary on references to contemporary events and the writing of the poem, an outline chronology, indices of lyrics, and a table to convert line numbers between this edition and the incomplete 1875 edition of P. Paris.
=648  \0$aMiddle Ages (500-1400)$1http://www.wikidata.org/entity/Q12554$920964
=650  \0$aPoetry$1http://www.wikidata.org/entity/Q482$93026
=651  \0$aFrance$1http://www.wikidata.org/entity/Q142$9131
=700  \\$4edt$aLeech-Wilkinson, Daniel$916395
=700  \\$4trl$aPalmer, R. Barton$917668
=942  \\$cBOO
=952  \\$00$10$2ddc$40$6LIT_MACH_A$70$8LIT$915788$aORPH$bORPH$cKM12_2_H$d2021-11-25$oLIT MACH a$p20134015$r2021-01-12 00:00:00$w2021-01-12$yBOO
=999  \\$d15784

