=LDR  01634acm a2200277   4500
=001  15787
=005  20251031163221.0
=008  171013b\\\\\\\\\\\\\\\\\\\\\\\\\\0\ger\d
=041  \\$ager
=100  \\$4cmp$aMachaut, Guillaume de$dc. 1300-1377$1http://www.wikidata.org/entity/Q200580$917669
=245  \\$aGuillaume de Machaut:$bMusikalische Werke
=260  \\$aLeipzig$bBreitkopf & Härtel$cs.d.
=300  \\$a3 volumes (103+70+190 pages)
=505  \\$gvol. 1: Balladen, Rondeaux und Virelais -- vol. 2: Einleitung zu I. Balladen, Rondeaux und Virelais, II. Motetten, III. Messe und Lais -- vol. 3: Motetten
=648  \0$aMiddle Ages (500-1400)$1http://www.wikidata.org/entity/Q12554$920964
=650  \0$aBallade$1http://www.wikidata.org/entity/Q805130$924829
=650  \0$aRondo$1http://www.wikidata.org/entity/Q1417272$924049
=650  \0$aMotet$1http://www.wikidata.org/entity/Q188285$92028
=650  \0$aMass$1http://www.wikidata.org/entity/Q217295$92735
=651  \0$aFrance$1http://www.wikidata.org/entity/Q142$9131
=700  \\$aLudwig, Friedrich$4edt$917670
=942  \\$cSCO
=952  \\$00$10$2ddc$3Erster band$40$6KTS_1_000000000000000_H_XX_XX$70$8RAR$915791$aORPH$bORPH$cKTS1_H$l0$oKTS1 H.XX.XX$p20143712$r2021-01-12 00:00:00$w2021-01-12$ySCO
=952  \\$00$10$2ddc$3Zweiter band$40$6KTS_1_000000000000000_H_XX_XX$70$8RAR$923534$aORPH$bORPH$cKTS1_H$d2024-08-06$l0$oKTS1 H.XX.XX$p20143713$r2024-08-06 00:00:00$w2021-01-12$ySCO
=952  \\$00$10$2ddc$3Dritter band$40$6KTS_1_000000000000000_H_XX_XX$70$8RAR$923535$aORPH$bORPH$cKTS1_H$d2024-08-06$l0$oKTS1 H.XX.XX$p20143714$r2024-08-06 00:00:00$w2021-01-12$ySCO
=999  \\$d15787

