=LDR  01073aam a2200217   4500
=001  15792
=005  20250120120119.0
=008  150506s1926\\\\\\\\\\\\\\\\\\\\\\0\fre
=041  \\$afre
=100  \\$aVan den Borren, Charles$d1874-1966$4aut$1http://www.wikidata.org/entity/Q1066297$917675
=245  \\$aGuillaume Dufay : $bson importance dans l'évolution de la musique au XVe siècle
=260  \\$aBrussels$bAcadémie royale de Belgique$bLamertin$c1926
=300  \\$a370 pages
=490  \\$aMémoires$v1351
=600  \0$aDufay, Guillaume$d1397-1474$1http://www.wikidata.org/entity/Q207717$917673
=648  \0$aRenaissance (1400-1600)$1http://www.wikidata.org/entity/Q4692$920965
=650  \0$aMusic history$1http://www.wikidata.org/entity/Q846047$921373
=942  \\$cBOO
=952  \\$00$10$2ddc$40$6BIO_DUFA_D$70$8BIO$96158$aORPH$bORPH$cKTS1_P$d2021-01-12$l0$oBIO DUFA d$p20130596$r2021-01-12 00:00:00$w2021-01-12$yBOO
=952  \\$00$10$2ddc$40$6BIO_DUFA_D$70$8BIO$915796$aORPH$bORPH$cKTS1_P$g30.00$l0$oBIO DUFA d$p20115404$r2021-01-12 00:00:00$w2021-01-12$yBOO
=999  \\$c15792$d15792

