=LDR  01006aam a2200253   4500
=001  15798
=005  20250925143303.0
=008  120919s2007\\\\\\\\\\\\\\\\\\\\\\0\ger
=020  \\$a9783883778563
=041  \\$ager
=100  \\$4aut$aTadday, Ulrich$915970
=245  \\$aGustav Mahler:$bLieder
=260  \\$aMunich$bEdidtion text + kritik$c2007
=300  \\$a120 pages
=490  \\$aMusik-Konzepte$v136
=600  \0$aMahler, Gustav$d1860-1911$1http://www.wikidata.org/entity/Q7304$917677
=648  \0$a19th Century (1801-1900)$1http://www.wikidata.org/entity/Q6955$920935
=648  \0$a20th Century (1901-2000)$1http://www.wikidata.org/entity/Q6927$920936
=650  \0$aSong$1http://www.wikidata.org/entity/Q7366$94164
=650  \0$aMusical analysis$1http://www.wikidata.org/entity/Q1544924$92775
=651  \0$aAustria$1http://www.wikidata.org/entity/Q40$9202
=942  \\$cBOO
=952  \\$00$10$2ddc$40$70$8PER$915803$aORPH$bORPH$cKM12_1$d2022-02-25$p20111616$r2021-01-12 00:00:00$w2021-01-12$yBOO
=999  \\$d15798

