=LDR  01481aam a2200253   4500
=001  15803
=005  20250925143303.0
=008  120313s2004\\\\\\\g\\\\\\\\\\\\\\0\eng\d
=020  \\$a9780754608097
=041  \\$aeng
=100  \\$aWillson, Rachel Beckles$4aut$917679
=245  \\$aGyörgy Kurtág:$bThe Sayings of Péter Bornemisza, Op. 7. A 'Concerto' for Soprano and Piano
=260  \\$aBurlington$bAshgate$c2004
=300  \\$a192 pages$eCD
=520  \\$aGyorgy Kurtag's The Sayings of Peter Bornemisza op. 7 for soprano and piano (1963-68) is probably the most significant piece of music to have been composed in Hungary since the death of Bartok in 1945. Willson discusses the autobiographical associations at work in the piece, but also its essentially European character.
Show More 
Show Less 

--------------------------------------------------------------------------------

=648  \0$a20th Century (1901-2000)$1http://www.wikidata.org/entity/Q6927$920936
=650  \0$aConcerto$1http://www.wikidata.org/entity/Q9748$921817
=650  \0$aSoprano$1http://www.wikidata.org/entity/Q30903$922885
=650  \0$aPiano$1http://www.wikidata.org/entity/Q5994$92127
=650  \0$aMusical analysis$1http://www.wikidata.org/entity/Q1544924$92775
=651  \0$aHungary$1http://www.wikidata.org/entity/Q28$921233
=942  \\$cBOO
=952  \\$00$10$2ddc$40$6BIO_KURT_E$70$8BIO$915808$aORPH$bORPH$cKTS1_P$d2021-10-19$oBIO KURT e$p20129879$r2021-01-12 00:00:00$w2021-01-12$yBOO
=999  \\$d15803

