=LDR  01917aam a2200253   4500
=001  15806
=005  20250925143303.0
=008  120217s2003\\\\\\\\\\\\\\\\\\\\\\0\eng
=020  \\$a9780571176311
=041  \\$aeng
=100  \\$aSteinitz, Richard$4aut$917268
=245  \\$aGyörgy Ligeti:$bMusic of the Imagination
=260  \\$aLondon$bFaber & Faber$c2003
=300  \\$a429 pages
=520  \\$aOne of the world's best known living composers, Gyoergy Sandor Ligeti is widely acknowledged as the most influential and admired creative figure of the late twentieth century. His brilliantly conceived and challenging pieces, searingly intense at times and full of humor and irony at others, include the orchestral Apparitions and Atmospheres, piano etudes, the opera Le Grand Macabre, and the unaccompanied choral work Lux aeterna, which Stanly Kubrick actually pirated for the film soundtrack of 2001: A Space Odyssey.

In this book, Richard Steinitz fuses biographical, stylistic, and technical analysis to examine thoroughly the evolution of Ligeti's innovative music. Drawing extensively on his own private conversations with the composer as well as on many published and recorded interviews, Steinitz places Ligeti's extraordinary body of work within the context of his complex personal life.
=600  \0$aLigeti, György$d1923-2006$1http://www.wikidata.org/entity/Q154331$917536
=648  \0$a20th Century (1901-2000)$1http://www.wikidata.org/entity/Q6927$920936
=650  \0$aComposer$1http://www.wikidata.org/entity/Q36834$93625
=650  \0$aBiography$1http://www.wikidata.org/entity/Q36279$91927
=650  \0$aMusical analysis$1http://www.wikidata.org/entity/Q1544924$92775
=651  \0$aHungary$1http://www.wikidata.org/entity/Q28$921233
=942  \\$cBOO
=952  \\$00$10$2ddc$40$6BIO_LIGE_E$70$8BIO$915811$aORPH$bORPH$cKTS1_P$d2022-01-31$oBIO LIGE e$p20145716$r2021-01-12 00:00:00$w2021-01-12$yBOO
=999  \\$d15806

