=LDR  03273aam a2200277   4500
=001  15807
=005  20250925143303.0
=008  150707s2011\\\\\\\\\\\\\\\\\\\\\\0beng\d
=020  \\$a9781843835509
=041  \\$aeng
=245  \\$aGyörgy Ligeti:$bOf Foreign Lands and Strange Sounds
=260  \\$aWoodbridge$bBoydell$c2011
=300  \\$a298 pages
=520  \\$aGyorgy Ligeti: Of Foreign Lands and Strange Sounds offers a new assessment of a composer whose constant exploration of new sound worlds - based on the musics of different cultures and ages - contributed in crucial ways to making him one of the most important musical voices of the last 50 years. The book combines texts by former students, colleagues and friends, who reflect on different and so far unknown aspects of Ligeti's persona, with new musicological interpretations of his style and several of his main works. Among the contributors are some of the most eminent Ligeti scholars, including Richard Steinitz and Paul Griffiths. Louise Duchesneau, Ligeti's assistant of over 20 years, acts not only as contributor but also as co-editor of the volume. Many of the musicological chapters are based on studies of Ligeti's sketches, which are now housed by the Paul Sacher Foundation in Basle and were made available for research only recently. Two close collaborators representing disciplines which deeply interested Ligeti - Heinz-Otto Peitgen (a mathematician who introduced Ligeti to fractal geometry, which influenced many if his works since 1985) and Simha Arom (an ethnomusicologist who acquainted Ligeti with the complex rhythmic patters of the music of Sub-saharan Africa) - also reflect on the composer for the very first time in writing. The combination of new insights into Ligeti by people who knew him with new analytical approaches will make this a core publication not only for Ligeti scholars, but also for readers interested in music of the second half of the twentieth century and in Hungarian culture. WOLFGANG MARX is Lecturer in Music, University College Dublin. LOUISE DUCHESNEAU was Ligeti's assistant for 20 years Contributors: SIMHA AROM, JONATHAN W. BERNARD, CIARN CRILLY, LOUISE DUCHESNEAU, BENJAMIN DWYER, TIBORC FAZEKAS, PAUL GRIFFITHS, ILDIK MNDI-FAZEKAS, WOLFGANG MARX, HEINZ-OTTO PEITGEN, FRIEDEMANN SALLIS, WOLFGANG-ANDREAS SCHULTZ, MANFRED STAHNKE, RICHARD STEINITZ
=600  \0$aLigeti, György$d1923-2006$1http://www.wikidata.org/entity/Q154331$917536
=648  \0$a20th Century (1901-2000)$1http://www.wikidata.org/entity/Q6927$920936
=650  \0$aComposer$1http://www.wikidata.org/entity/Q36834$93625
=650  \0$aBiography$1http://www.wikidata.org/entity/Q36279$91927
=650  \0$aAvant-garde$1http://www.wikidata.org/entity/Q102932$921178
=651  \0$aHungary$1http://www.wikidata.org/entity/Q28$921233
=700  \\$4edt$aDuchesneau, Louise$917681
=700  \\$4edt$aMarx, Wolfgang$916109
=942  \\$cBOO
=952  \\$00$10$2ddc$40$6BIO_LIGE_E$70$8BIO$915812$aORPH$bORPH$cKTS1_P$d2022-09-09$g73.00$l0$oBIO LIGE e$p20134454$r2021-01-12 00:00:00$w2021-01-12$yBOO$Vamazon.de
=952  \\$00$10$40$6BIO_LIGE_E$70$8BIO$915813$aORPH$bORPH$cKTS1_P$d2022-09-09$g29.00$l1$m4$oBIO LIGE e$p20117173$q2022-03-16$r2021-03-10 00:00:00$s2021-03-10$w2021-01-12$yBOO
=999  \\$d15807

