=LDR  01695aam a2200193   4500
=001  15811
=005  20250120120119.0
=008  120411s2007\\\\\\\\\\\\\\\\\\\\\\0\\\\
=020  \\$a9789028944190
=100  \\$4Auteur$aHeysse, Tim$917685
=100  \\$4Auteur$aRummens, Stefan$917686
=100  \\$4Auteur$aTinnevelt, Ronald$917687
=245  \\$aHabermas: Een inleiding op zijn filosofie van recht en politiek
=260  \\$aKapellen$bPelckmans$c2007
=300  \\$a222
=520  \\$aDe Duitse filosoof Jürgen Habermas is een van de meest invloedrijke intellectuelen van deze tijd. Hij is een van die zeldzame denkers die nog een filosofie presenteert die de meest uiteenlopende domeinen van het leven en samenleven omvat.
Dit boek biedt een inleiding tot Habemas' politieke filosofie en tot zijn rechtsfilosofie maar legt ook uit hoe deze meer recente analyses verbonden zijn met de rest van zijn werk. Daarbij kiezen de auteurs voor een thematische en in zekere zin ook chronologische onderverdeling van zijn werk in drie delen. In het eerste deel gaan ze in op zijn epistemologie, zijn theorie van het communicatieve handelen en op de morele onderbouw van Habermas' discoursethiek. In het tweed deel analyseren ze zijn discourstheorie van het recht en de democratische rechtsstaat. In het derde deel verduidelijken ze het belang van Habermas' werk aan de hand van zijn standpunten over actuele politieke vraagstukken, zoals de toekomst van Europa, het multiculturalisme, de rol van de religie en de globalisering.

=942  \\$cBOO
=952  \\$00$10$2ddc$40$6PHI_HABE_B_HEYS$70$8PHI$915817$aORPH$bORPH$cKM12_3_2$d2021-08-11$oPHI HABE b HEYS$p20133718$r2021-01-12 00:00:00$w2021-01-12$yBOO
=999  \\$c15811$d15811

