=LDR  02287aam a2200193   4500
=001  15818
=005  20230123102447.0
=008  181018s2018\\\\\\\\\\\\\\\\\\\\\\0\dut
=020  \\$a9789033493607
=041  \\$adut
=100  \\$aMortelmans, Dimitri$4aut$917696
=245  \\$aHandboek kwalitatieve onderzoeksmethoden
=250  \\$a5e
=260  \\$aLeuven/Den Haag$bAcco$c2018
=300  \\$a563 pages
=520  \\$aDit boek wil studenten en onderzoekers een overzicht bieden van wat kwalitatieve onderzoeksbenaderingen te bieden hebben en hoe onderzoek vanuit een kwalitatieve benadering opgezet en uitgevoerd kan worden. De invalshoek van het boek is praktijkgeoriënteerd met een speciale aandacht voor startende onderzoekers en studenten. De theoretische benadering van de onderwerpen wordt afgewisseld met voorbeelden uit gepubliceerd werk en materiaal uit de dagelijkse onderzoekspraktijk. De voorbeelden zijn gekozen uit Nederlandstalig én internationaal onderzoek, uit hedendaagse studies én klassiekers uit de kwalitatieve onderzoekstraditie.

Voor studenten wordt elk hoofdstuk afgerond met korte zelftesten die toelaten om zelf je vorderingen in de verwerking van het boek na te gaan. Het handboek is verdeeld in vier grote delen. Het eerste deel situeert de kwalitatieve onderzoeksmethode historisch en vergelijkt de eigenheid van het kwalitatieve met de eigenheid van kwantitatief onderzoek. Het tweede deel kijkt naar de start van het onderzoek: het schrijven van de probleemstelling, het nemen van cruciale beslissingen bij het opzetten van het onderzoek en het werken met kwalitatieve steekproeven. Deel drie behandelt de verschillende dataverzamelingsmethoden die regelmatig terugkomen in kwalitatieve onderzoeken. Meer bepaald wordt ingegaan op het diepte-interview, de focusgroep, mixed methods en het wetenschappelijk observeren. Het laatste deel gaat dieper in op de verwerking van kwalitatieve gegevens. Hoe kwalitatieve data analyseren en wat met de kwalitatieve rapportage? Ook wordt ingegaan op kwaliteitsvereisten binnen kwalitatief onderzoek en de aanpak van kwalitatieve publicaties.
=942  \\$cBOO
=952  \\$00$10$2ddc$40$6REF_2_000000000000000_MORT$70$8REF$915824$aORPH$bORPH$cKM12_1$d2021-08-24$oREF2 MORT$p20131164$r2021-01-12 00:00:00$w2021-01-12$yBOO
=999  \\$d15818

