=LDR  01101aam a2200205   4500
=001  15822
=005  20250120120120.0
=008  120827s2000\\\\\\\\\\\\\\\\\\\\\\0\eng
=020  \\$a9780761915126
=041  \\$aeng
=245  \\$aHandbook of qualitive research
=250  \\$a2
=260  \\$aLondon$bSage Publications$c2000
=300  \\$a1065 pages
=520  \\$aThe SAGE Handbook of Qualitative Research, Third Edition, represents the state of art for the theory and practice of qualitative inquiry. Built on the foundations of the landmark First and Second Editions (1994, 2000), the Third Edition moves qualitative research boldly into the 21st century. The editors and authors ask how the practices of qualitative inquiry can be used to address issues of social justice in this new century.
=700  1\$4edt$aDenzin, Norman K.$1http://www.wikidata.org/entity/Q1999558$917701
=700  \\$4edt$aLincoln, Yvonna S.$917702
=942  \\$cBOO
=952  \\$00$10$2ddc$40$6REF_2_000000000000000_DENZ$70$8REF$915828$aORPH$bORPH$cKM12_1$d2021-08-23$oREF2 DENZ$p20131198$r2025-02-04 11:30:40$w2021-01-12$yBOO
=999  \\$d15822

