=LDR  01318aam a2200205   4500
=001  15824
=005  20250925143303.0
=008  180118s\\\\\\\\\\\\\\\\\\\\\\\\\\0\e
=020  \\$a9781107405400
=245  \\$aA Handbook to Twentieth-Century Musical Sketches
=260  \\$aNew York$bCambridge University Press$c2011
=300  \\$a254 pages
=520  \\$aThe scholarly study of autograph sources has exploded over the past quarter century especially in the field of twentieth-century music. Yet, few if any courses or seminars broach the subject of sketch studies and the skills required to examine the manuscripts. This book surveys the knowledge necessary to work efficiently in archives and libraries with the skills and techniques specifically related to sketch studies: transcription, reconstructing sketchbooks, deciphering handwriting, and dating documents.
=648  \0$a20th Century (1901-2000)$1http://www.wikidata.org/entity/Q6927$920936
=700  \\$4aut$aHall, Patricia$917705
=700  \\$4aut$aSallis, Friedemann$917706
=942  \\$cBOO
=952  \\$00$10$2ddc$40$6GHM_7_000000000000000$70$8GHM$915830$aORPH$bORPH$cKM12_1$d2022-06-23$g72.00$l1$oGHM 7$p20135003$q2022-12-18$r2022-06-23 00:00:00$s2022-06-23$w2021-01-12$yBOO
=999  \\$c15824$d15824
=650  \0$aMusic history$1http://www.wikidata.org/entity/Q846047$921373

