=LDR  00812aam a2200181   4500
=001  15826
=005  20250120120120.0
=008  190509s1936\\\\gw\f\\\\\\\\\\\\\\0\ger\d
=041  \\$ager
=100  \\$4aut$aEllerhorst, Winfred$917707
=245  \\$aHandbuch der Orgelkunde. Die mathematischen und akustischen, technischen und künstlerischen Grundlagen sowie die Geschichte und Pflege der modernen Orgel
=260  \\$aEinsiedeln, Schweiz$bVerlagsanstalt Benziger & Co. A. G.$c1936
=300  \\$a850 pages
=650  \0$aOrgan$1http://www.wikidata.org/entity/Q1444$92810
=650  \0$aOrganology$1http://www.wikidata.org/entity/Q899293$921400
=942  \\$cBOO
=952  \\$00$10$2ddc$40$6INS_3_000000000000000_1B$70$8INS$915832$aORPH$bORPH$cKTS0$d2023-03-14$l0$oINS3.1b$p20131042$r2021-01-12 00:00:00$w2021-01-12$yBOO
=999  \\$d15826

