=LDR  01344aam a2200193   4500
=001  15830
=005  20250120120120.0
=008  120307s1998\\\\\\\\\\\\\\\\\\\\\\0\\\\
=020  \\$a9789055891290
=100  \\$4Editor$avan der Laarse, Rob$917710
=100  \\$4Editor$aLabrie, Arnold$917711
=100  \\$4Editor$aMelching, Willem$917712
=245  \\$aDe hang naar zuiverheid: De cultuur van het moderne Europa
=260  \\$aAmsterdam$bHet spinhuis$c1998
=300  \\$a333
=520  \\$aDit boek gaat over de wijze waarop het begrip 'zuiverheid' zich in de negentiende en twintigste eeuw in Europa manifesteerde in kunst, literatuur, (medische) wetenschap en ideologie en tot welke herschikking van posities dit kan leiden. Denken in termen van 'zuiverheid', 'reinheid' gaat altijd gepaard met denken in tegenstellingen en lijkt orde te scheppen in een schijnbaar chaotische wereld, waarin vertrouwde zekerheden niet langer voldoen om iemands identiteit te bepalen. De hang naar zuiverheid manifesteerde zich net in één bepaalde partij of richting, maar als een brede culturele onderstoom, die tegengestelde, elkaar op leven en dood bestrijdende stromingen bediende
=942  \\$cBOO
=952  \\$00$10$2ddc$40$6PHI_VAND_A$70$8PHI$915836$aORPH$bORPH$cKM12_3_2$d2021-08-06$g855.00$oPHI VAND a$p20133203$r2021-01-12 00:00:00$w2021-01-12$yBOO
=999  \\$c15830$d15830

