=LDR  01380ajm a2200217   4500
=001  15832
=005  20250925143303.0
=008  111114s1999\\\\\\\\\z\\\\\\\\\\\\0\mul\d
=041  \\$ager$aeng
=100  \\$4cmp$aOtte, Hans$917713
=245  \\$aDas Buch der Klänge
=260  \\$aMunich$bECM$c1999
=300  \\$aCD
=520  \\$aHerbert Henck's campaign for recognition for undervalued 20th century composers continues with this salute to the German composer Hans Otte. Henck here celebrates Otte's "Book of Sounds" as "one of the most remarkable creations in contemporary piano music, a work which has lost none of its beauty, innocence and power in the 20 years since it was written". Essentially contemplative, it "lets sounds be sounds" as John Cage said, and gives them room to breathe. Withdrawal, transparency and austerity are the hallmarks of this music.
=648  \0$a20th Century (1901-2000)$1http://www.wikidata.org/entity/Q6927$920936
=650  \0$aKeyboard music$1http://www.wikidata.org/entity/Q105715630$921412
=651  \0$aGermany$1http://www.wikidata.org/entity/Q183$9155
=700  \\$4prf$aHenck, Herbert$ePiano$1http://www.wikidata.org/entity/Q96125$917714
=942  \\$cREC
=952  \\$00$10$2ddc$40$6REC_CD_HENC_1999_000000000000000$70$8REC$915838$aORPH$bORPH$cKM12_2_B$d2022-01-27$g14.00$oREC CD HENC 1999$p20143961$r2021-01-12 00:00:00$w2021-01-12$yREC
=999  \\$d15832

