=LDR  01451aam a2200193   4500
=001  15839
=005  20230123102355.0
=008  120711s2004\\\\\\\\\\\\\\\\\\\\\\0\f
=020  \\$a9782747562157
=041  \\$afre
=100  \\$aLussac, Olivier$4aut$917350
=245  \\$aHappening & fluxus: Polyexpressivité et pratique concrète des arts
=260  \\$aParis$bL'Harmattan$c2004
=300  \\$a297
=520  \\$a" happening & fluxus " est un essai pluridisciplinaire et transversal. Il vise à mettre en relation différentes occurrences artistiques dans une série d'événements tirés des champs des arts plastiques, de la musique et de la poésie, et tente des rapprochements issus du futurisme, de Dada, et des diverses mouvances néo-dadaïstes (Nouveaux Réalistes, Junk Art, Gutaï, Ongaku, Wiener Gruppe, Aktual, Wiener Aktionismus, Neo-dada Organizers, Zaj, Poesia Visiva...), pour obtenir une définition du Happening et de Fluxus, en fonction de leur connexion historique et esthétique. Cet ouvrage constitue un préliminaire à l'étude des fondements théoriques de cet important mouvement, et plus spécifiquement de la performance plastique, musicale et poétique des années cinquante et soixante.
=490  \\$aCollection arts & sciences de l'art
=942  \\$cBOO
=952  \\$00$10$2ddc$40$6VIS_LUSS$70$8VIS$915845$aORPH$bORPH$cKTS1_H$d2022-09-20$g23.00$l0$oVIS LUSS$p20111349$r2021-01-12 00:00:00$w2021-01-12$yBOO$Vamazon.co.uk
=999  \\$c15839$d15839

