=LDR  00740aam a2200181   4500
=001  15840
=005  20230123102450.0
=008  140522s1995\\\\\\\\\\\\\\\\\\\\\\0\e
=020  \\$a9780415099363
=041  \\$aeng
=100  \\$aSandford, Mariellen$4aut$917720
=245  \\$aHappenings and Other Acts
=260  \\$aLondon$bRoutledge$c1995
=300  \\$a397 p.
=520  \\$aArticles, statements, interviews and essays by and about some of the most influential avantgarde artists and performers are presented here for the first time since they were originally published.
=942  \\$cBOO
=952  \\$00$10$2ddc$40$6VIS_SAND$70$8VIS$915846$aORPH$bORPH$cKTS1_H$d2022-09-20$g38.31$l0$oVIS SAND$p20135989$r2021-01-12 00:00:00$w2021-01-12$yBOO
=999  \\$c15840$d15840

