=LDR  00556aam a2200181   4500
=001  15841
=005  20230123102450.0
=008  120716s2002\\\\\\\\\\\\\\\\\\\\\\0\e
=041  \\$ae
=041  \\$ai
=100  \\$aMorazzoni, Anna Maria$4aut$917721
=245  \\$aHappy birthday to Nuria Schoenberg Nono
=260  \\$bwww.nuria.freewebhosting.vom$c2002
=300  \\$a229
=546  \\$aE / I
=942  \\$cBOO
=952  \\$00$10$2ddc$40$6BIO_SCHO3_B$70$8BIO$915847$aORPH$bORPH$cKTS1_P$d2021-10-19$oBIO SCHO3 b$p20130093$r2021-01-12 00:00:00$w2021-01-12$yBOO
=999  \\$c15841$d15841

