=LDR  02818aam a2200229   4500
=001  15846
=005  20250925143303.0
=008  120201s2002\\\\\\\o\\\\\b\\\\\\1\0|eng\d
=041  \\$aeng
=100  \\$aNichols, Roger$4aut$917724
=245  \\$aThe Harlequin Years:$bMusic in Paris 1917-1929
=260  \\$aBerkeley, CA$aLondon$bUniversity of California Press$bThames and Hudson$c2002
=300  \\$a288 pages
=520  \\$aFew decades in the life of any European city have been as rich in musical personalities and achievements as the 1920s in Paris. It was, as Stravinsky said, the hub of the musical world, popular for travelers because it was cheap. Composers working in or near the city included Ravel, Fauré, Satie, Stravinsky, and Prokofiev as well as the up-and-coming members of Les Six, most notably Poulenc, Milhaud, and Auric. Among their collaborators were the painters Picasso, Braque, Dufy, and Juan Gris, while Jean Cocteau kept a watchful eye on new trends. Horowitz, Robert Casadesus, and Vlado Perlemuter all made their Paris debuts in this decade, as did the young violin prodigies Ginette Neveu and Yehudi Menuhin. Women musicians were coming into their own: the composers Germaine Tailleferre and Lili Boulanger, salon hostesses like the Princesse de Polignac and Mae Clemenceau. The Harlequin Years charts a nimble course through this remarkable era, noting currents as well as personalities, telling stories as well as pondering the occasional philosophical problem.
Through the whole book runs the double thread spun by Jean Cocteau in his little volume Le coq et l'harlequin: the warp of the traditional French cock being pulled by the weft of the foreign, multicolored harlequinade. Roger Nichols's spirited narrative shows that this was also an uncertain time, as the war had cast doubt on old assumptions. Did wisdom necessarily come with age? Were hierarchies necessary? Irreverence was in, the circus was aesthetically at least as valuable as the finest symphony orchestra. Against all this some composers, like Fauré and Roussel, continued with traditional forms, though each brought to them his own highly personal language and syntax.
=648  \0$a20th Century (1901-2000)$1http://www.wikidata.org/entity/Q6927$920936
=650  \0$aMusic history$1http://www.wikidata.org/entity/Q846047$921373
=650  \0$aCultural history$1http://www.wikidata.org/entity/Q858517$922395
=651  \0$aParis (France)$1http://www.wikidata.org/entity/Q90$9160
=942  \\$cBOO
=952  \\$00$10$2ddc$40$6TOP_FR_PAR_7_000000000000000$70$8TOP$915852$aORPH$bORPH$cKTS0$l0$oTOP FR.PAR 7$p20130902$r2021-01-12 00:00:00$w2021-01-12$yBOO
=952  \\$00$10$2ddc$40$6TOP_FR_PAR_7_000000000000000$70$8TOP$926823$aORPH$bORPH$cKTS0$d2025-06-17$l0$oTOP FR.PAR 7$p20130914$r2025-06-17 13:55:09$w2021-01-12$yBOO
=999  \\$d15846

