=LDR  00806aam a2200169   4500
=001  15849
=005  20230123102451.0
=008  140526s2012\\\\\\\\\\\\\\\\\\\\\\0\eng
=041  \\$aeng
=100  \\$aLau, Juan$4aut$917726
=245  \\$aHarmonic duality: From interval ratios and pitch to spectra and sensory dissonance
=260  \\$aLeiden$bUniversiteit Leiden$c2012
=300  \\$a161 pages
=520  \\$aProefschrift ter verkrijging van de graad van Doctor aan de Universiteit Leiden op gezag van de Rector Magnificus prof. mr. P.FP. van der Heijden volgens besluit van het College voor promoties te verdedigen op 13 december 2012.


=942  \\$cBOO
=952  \\$00$10$2ddc$40$6MTP_5_000000000000000_LAU$70$8MTP$915855$aORPH$bORPH$cKM12_1$d2021-08-31$oMTP5 LAU$p20131354$r2021-01-12 00:00:00$w2021-01-12$yDIS
=999  \\$d15849

