=LDR  01510aam a2200253   4500
=001  15853
=005  20250120120120.0
=008  131126r19651636\\\\\\\\\\\\\\\\\\0\fre
=041  \\$afre
=100  \\$4aut$aMersenne, Marin$d1588-1648$1http://www.wikidata.org/entity/Q188663$912728
=245  \\$aHarmonie universelle
=260  \\$aParis$bCNRS$c1965
=300  \\$a3 vols. (230-36+180-442+412-79-68-28 pages)
=500  \\$aContenant la théorie et la pratique de la musique (Paris, 1636). Edition facsimile de l'exemplaire conservé à la Bibliothèque des Arts et Métiers et annoté par l'Auteur.
=648  \0$a17th Century (1601-1700)$1http://www.wikidata.org/entity/Q7016$920923
=650  \0$aMusic theory$1http://www.wikidata.org/entity/Q193544$92662
=650  \0$aOrganology$1http://www.wikidata.org/entity/Q899293$921400
=651  \0$aFrance$1http://www.wikidata.org/entity/Q142$9131
=700  \\$4win$aLesure, François$1http://www.wikidata.org/entity/Q2426092$917727
=942  \\$cBOO
=952  \\$00$10$2ddc$3vol. 3$40$6TRE_MERS$70$8TRE$915857$aORPH$bORPH$cKTS1_H$d2021-01-12$eKoopman$i14D29$oTRE MERS$p20124662$r2021-01-12 00:00:00$w2021-01-12$yBOO
=952  \\$00$10$2ddc$3vol. 2$40$6TRE_MERS$70$8TRE$915858$aORPH$bORPH$cKTS1_H$d2020-07-08$eKoopman$i14D28$l1$oTRE MERS$p20124663$r2022-04-07 00:00:00$s2021-03-12$w2021-01-12$yBOO
=952  \\$00$10$2ddc$3vol. 1$40$6TRE_MERS$70$8TRE$915859$aORPH$bORPH$cKTS1_H$d2020-07-08$eKoopman$i14D27$oTRE MERS$p20124664$r2021-01-12 00:00:00$w2021-01-12$yBOO
=999  \\$d15853

