=LDR  00851aam a2200169   4500
=001  15861
=005  20230123102419.0
=008  180301s2016\\\\\\\\\\\\\\\\\\\\\\0\eng
=041  \\$aeng
=100  \\$aCleary, Maria Christina$4aut$917511
=245  \\$aThe 'harpe organisée', 1720-1840: rediscovering the lost pedal techniques on harps with a singe-action pedal mechanism
=260  \\$aLeiden$bLeiden University$c2016
=300  \\$a298 pages
=520  \\$aProefschrift ter verkrijging van de graad van Doctor aan de Universiteit Leiden op gezag van de Rector Magnificus prof. mr. C.J.J.M. Stolker, volgens besluit van het College voor promoties te verdedigen op 14 december 2016.
=942  \\$cDIS
=952  \\$00$10$2ddc$40$6MTP_5_000000000000000_CLEA$70$8MTP$915867$aORPH$bORPH$cKM12_1$d2021-08-30$oMTP5 CLEA$p20131349$r2021-01-12 00:00:00$w2021-01-12$yDIS
=999  \\$d15861

