=LDR  00737aam a2200169   4500
=001  15866
=005  20230123102453.0
=008  130423s2007\\\\\\\\\\\\\\\\\\\\\\0\dut
=041  \\$adut
=100  \\$aVande Ginste, Martje$4aut$917737
=245  \\$aHaugtussa: Een handleiding voor uitvoerders van de liedcyclus opus 67 van Edvard Grieg voor (mezzo) sopraan en piano
=260  \\$aGhent$bOrpheusinstituut$c2007
=300  \\$a197 pages
=520  \\$aScriptie ingediend tot het bekomen van de titel Laureaat van het Orpheus Instituut. Mentor: Jozef De Beenhouwer, 2007
=942  \\$cDIS
=952  \\$00$10$2ddc$40$6MTP_5_000000000000000_GIND$70$8MTP$915872$aORPH$bORPH$cKM12_1$d2021-08-31$oMTP5 GIND$p20134088$r2021-01-12 00:00:00$w2021-01-12$yDIS
=999  \\$d15866

