=LDR  01303aam a2200181   4500
=001  15867
=005  20250120120121.0
=008  150310s1987\\\\\\\\\\\\\\\\\\\\\\0\d
=020  \\$a392293305X
=041  \\$ager
=100  \\$aSchulte, Günter$4aut$917738
=245  \\$aHauptsache philosophie: Ansprachen und aufsätze über kunst und über wahrheit
=260  \\$aKöln$bBalloni verlag$c1987
=300  \\$a216
=520  \\$aHauptsache Philosophie, das ist beinahe alles, unter anderem über die Ästhetik der Fotografie, des Theaters und der Medien, über das Verhältnis der Kunst zu Alchemie und Wissenschaft, über die Wahrheit der Wahrnehmung und den Tod, über Magie, Mythos und Mystik, über Natur und Vernunft, die reine, unreine und die künstliche der Computer, über den Sinn der Philosophie und das Berufsbild des Philosophen, über die linke und die rechte Theorie, insbesondere die Systemtheorie, über den Sinn des Lebens und den Unsinn des Sinns und über das Lachen.

Zur Titelgrafik gehört das dem Buch vorangestellte Motto:

Ein leichter Kopfschmerz muß alle meine Vorstellungen begleiten können.
(N. Luhmann)
=942  \\$cBOO
=952  \\$00$10$2ddc$40$6PHI_SCHU_A$70$8PHI$915873$aORPH$bORPH$cKM12_3_2$d2021-08-18$g26.00$oPHI SCHU a$p20133956$r2021-01-12 00:00:00$w2021-01-12$yBOO
=999  \\$c15867$d15867

