=LDR  01830aam a2200229   4500
=001  15868
=005  20250127120903.0
=008  120203s2007\\\\\\\g\\\\\\\\\\\\\\0\eng\d
=020  \\$a9780226041292
=041  \\$aeng
=245  \\$aHaydn and the Performance of Rhetoric
=260  \\$aChicago, IL$bUniversity of Chicago Press$c2007
=300  \\$a366 pages$eDVD
=520  \\$aHaydn is the last major composer whose music was regularly discussed by his contemporaries in terms derived from the classical tradition of rhetoric. Within a generation of his death, that discourse had fallen from favor, but the historical relationship between Haydn and the rhetorical tradition endured. 

In this volume, a distinguished group of contributors in fields from classics to literature to musicology restores the rhetorical model to prominence and shows what can be achieved by returning to the idea of music as a rhetorical process. An accompanying DVD, specially designed for this project, presents performances and illustrations keyed to its chapters, making musicological arguments accessible to nonspecialists and advancing additional arguments of its own through the medium of performance. The volume thus reaches beyond musicology to enrich and complicate the larger debate over rhetoric's role in eighteenth-century culture.
=600  \0$aHaydn, Joseph$d1732-1809$1http://www.wikidata.org/entity/Q7349$94783
=650  \0$aRhetoric$1http://www.wikidata.org/entity/Q81009$93894
=650  \0$aPerformance$926223
=700  \\$4edt$aBeghin, Tom$1https://orcid.org/0000-0001-7919-8985$917739
=700  \\$4edt$aGoldberg, Sander M.$917740
=942  \\$cBOO
=952  \\$00$10$2ddc$40$6BIO_HAYD1_E$70$8BIO$915874$aORPH$bORPH$cKTS1_P$d2022-09-08$l1$oBIO HAYD1 e$p20131966$r2022-09-08 00:00:00$s2021-03-10$v35.00$w2021-01-12$yBOO$Vamazon.com
=999  \\$d15868

