=LDR  02198aam a2200265   4500
=001  15869
=005  20250121142131.0
=008  180227s1978\\\\\\\\\\\\\\\\\\\\\\0beng
=020  \\$a978-0500011683
=041  \\$aeng
=100  \\$aLandon, H. C. Robbins$d1926-2009$4aut$1http://www.wikidata.org/entity/Q526080$913570
=245  \\$aHaydn at Eszterhaza 1766-1790
=260  \\$aLondon$bThames and Hudson$c1978
=300  \\$a799 pages
=490  \\$aHaydn: Chronicle and Works$v2
=520  \\$aThis volume, the second chronologically of the five which together make up this complete biography of Haydn, deals with the highly important and productive middle years of his career - the period during which he held the post of full Kapellmeister to Prince Nicolaus I Esterhazy. In every aspect of composition Haydn's mature style now came into full flowering, and with the publication and dissemination of his works abroad, his reputation was to become a truly international one.
Thanks largely to the survival of the mass of documentary material in the Esterhazy Archives, much of which has been rediscovered and studied only in recent years, it is now possible to paint a detailed picture of daily life in the princely household, and in particular its musical activity: Haydn was responsible not only for the writing of operas, Symphonies, Baryton Trios and other works to satisfy the Prince's requirements, but as Kapellmeister he had also to deal with all the administrative aspects of engaging musicians, supervising the players and seeing to the maintenance of the instruments.
=600  \0$aHaydn, Joseph$d1732-1809$1http://www.wikidata.org/entity/Q7349$94783
=610  \0$aEszterházy family$1http://www.wikidata.org/entity/Q1369980$922423
=648  \0$a18th Century (1701-1800)$1http://www.wikidata.org/entity/Q7015$920899
=650  \0$aComposer$1http://www.wikidata.org/entity/Q36834$93625
=650  \0$aBiography$1http://www.wikidata.org/entity/Q36279$91927
=651  \0$aHungary$1http://www.wikidata.org/entity/Q28$921233
=942  \\$cBOO
=952  \\$00$10$2ddc$40$6BIO_HAYD1_D$70$8BIO$915875$aORPH$bORPH$cKTS1_P$d2021-11-05$oBIO HAYD1 d$p20130209$r2021-01-12 00:00:00$w2021-01-12$yBOO
=999  \\$d15869

