=LDR  02623aam a2200265   4500
=001  15872
=005  20250906121749.0
=008  161122s2016\\\\\\\\\\\\\\\\\\\\\\0\eng
=020  \\$a9780226337098
=041  \\$aeng
=100  \\$aLoughridge, Deirdre$4aut$917742
=245  \\$aHaydn's Sunrise, Beethoven's Shadow:$bAudiovisual Culture and the Emergence of Musical Romanticism
=260  \\$aChicago, IL$bUniversity of Chicago Press$c2016
=300  \\$a291 pages
=520  \\$aThe years between roughly 1760 and 1810, a period stretching from the rise of Joseph Haydns career to the height of Ludwig van Beethovens, are often viewed as a golden age for musical culture, when audiences started to revel in the sounds of the concert hall. But the latter half of the eighteenth century also saw proliferating optical technologiesincluding magnifying instruments, magic lanterns, peepshows, and shadow-playsthat offered new performance tools, fostered musical innovation, and shaped the very idea of pure music. Haydns Sunrise, Beethovens Shadow is a fascinating exploration of the early romantic blending of sight and sound as encountered in popular science, street entertainments, opera, and music criticism.

Deirdre Loughridge reveals that allusions in musical writings to optical technologies reflect their spread from fairgrounds and laboratories into public consciousness and a range of discourses, including that of music. She demonstrates how concrete points of intersectioncomposers treatments of telescopes and peepshows in opera, for instance, or a shadow-play performance of a balladcould then fuel new modes of listening that aimed to extend the senses. An illuminating look at romantic musical practices and aesthetics, this book yields surprising relations between the past and present and offers insight into our own contemporary audiovisual culture.
=600  \0$aHaydn, Joseph$d1732-1809$1http://www.wikidata.org/entity/Q7349$94783
=600  \0$aBeethoven, Ludwig van$d1770-1827$1http://www.wikidata.org/entity/Q255$95335
=648  \0$a18th Century (1701-1800)$1http://www.wikidata.org/entity/Q7015$920899
=648  \0$a19th Century (1801-1900)$1http://www.wikidata.org/entity/Q6955$920935
=650  \0$aMusic history$1http://www.wikidata.org/entity/Q846047$921373
=650  \0$aRomanticism$1http://www.wikidata.org/entity/Q37068$921719
=650  \0$aScience$1http://www.wikidata.org/entity/Q7991$921650
=942  \\$cBOO
=952  \\$00$10$2ddc$40$6GHM_5_000000000000000$70$8GHM$915878$aORPH$bORPH$cKTS1_P$d2022-04-26$l1$m1$oGHM5$p20116306$q2022-03-02$r2021-03-10 00:00:00$s2021-03-10$w2021-01-12$yBOO
=999  \\$d15872

