=LDR  02931aam a2200181   4500
=001  15878
=005  20250120120048.0
=008  130916s2005\\\\\\\\\\\\\\\\\\\\\\0\e
=020  \\$a9780195169331
=041  \\$aeng
=100  \\$aMelamed, Daniel R.$4aut$912700
=245  \\$aHearing Bach's passions
=260  \\$aNew York$bOxford university press$c2005
=300  \\$a178
=520  \\$aJohann Sebastian Bach's two surviving passions--St. John and St. Matthew--are an essential part of the modern repertory, performed regularly both by professional ensembles and amateur groups. These large, complex pieces are well loved, but due to our distance from the original context in which they were performed, questions and problems emerge. Bach scholar Daniel Melamed examines the issues we encounter when we hear the passions performed today, and offers unique insight into Bach's passion settings. Rather than providing a movement-by-movement analysis, Melamed uses the Bach repertory to introduce readers to some of the intriguing issues in the study and performance of older music, and explores what it means to listen to this music today. For instance, Bach wrote the passions for a particular liturgical event at a specific time and place; we hear them hundreds of years later, often a world away and usually in concert performances. They were performed with vocal and instrumental forces deployed according to early 18th-century conceptions; we usually hear them now as the pinnacle of the choral/orchestral repertory, adapted to modern forces and conventions. In Bach's time, passion settings were revised, altered, and tampered with both by their composers and by other musicians who used them; today we tend to regard them as having fixed texts to be treated mith respect. Their music was sometimes recycled from other compositions or reused itself for other purposes; we have trouble imagining the familiar material of Bach's passion settings in any other guise. Melamed takes on these issues, exploring everything from the sources that transmit Bach's passion settings today to the issues surrounding performance practice (including the question of the size of Bach's ensemble). He delves into the passions as dramatic music, examines the problem of multiple versions of a work and the reconstruction of lost pieces, explores the other passions in Bach's performing repertory, and sifts through the puzzle of authorship. Highly accessible to the non-specialist, the book assumes no technical musical knowledge and does not rely on printed musical examples. Based on the most recent scholarship and using lucid prose, the book opens up the debates surrounding this repertory to music lovers, choral singers, church musicians, and students of Bach's music.
=942  \\$cBOO
=952  \\$00$10$2ddc$40$6BIO_BACH1_E$70$8BIO$915884$aORPH$bORPH$cKTS1_P$d2021-11-09$g14.99$oBIO BACH1 e$p20129728$r2021-01-12 00:00:00$w2021-01-12$yBOO
=999  \\$c15878$d15878

