=LDR  02645aam a2200241   4500
=001  15880
=005  20251001162313.0
=008  161121s2004\\\\\\\\\\\\\\\\\\\\\\0\eng\d
=020  \\$a9780820325835
=041  \\$aeng
=100  \\$4edt$aSmith, Mark M.$917745
=245  \\$aHearing History:$bA Reader
=260  \\$aAthens, GA$bUniversity of Georgia Press$c2004
=300  \\$a413 pages
=520  \\$aHearing History is a long-needed introduction to the basic tenets of what is variously termed historical acoustemology, auditory culture, or aural history. Gathering twenty-one of the fields most important writings, this volume will deepen and broaden our understanding of changing perceptions of sound and hearing and the ongoing education of our senses. The essays stimulate thinking on key questions: What is aural history? Why has vision tended to triumph over hearing in historical accounts? How might we begin to reclaim the sounds of the past?
With theoretical and practical essays on the history of sound and hearing in Europe and the United States, the book draws on historical approaches ranging from empiricism to postmodernism. Some essays show the historian of technology at work, others highlight how military, social, intellectual, and cultural historians have tackled historical acoustemologies. Investigating soundscapes that include a Puritan meetinghouse in colonial New England, the belfries of a French village at the close of the Old Regime, the court hall of Elizabeth I, and a Civil War battlefield, the essays vary just as widely in their topics, which include noise as a marker of social and cultural differences, the privileging of music as the sound of art, the persistence of Aristotelian ideas of sound into the seventeenth century, developments in sound related to medical practice, the advent of sound-recording technology, and noise pollution.

This important new anthology will help us to contextualize the past within the larger rubric of all of the senses and thus free mainstream historical writing from the powerful but blinding focus on vision alone.
=650  \0$aAcoustics$1http://www.wikidata.org/entity/Q82811$921365
=650  \0$aMusic philosophy and aesthetics$1http://www.wikidata.org/entity/Q2092865$921165
=650  \0$aCuckoo$1http://www.wikidata.org/entity/Q18845$922474
=650  \0$aMusic history$1http://www.wikidata.org/entity/Q846047$921373
=650  \0$aListening$1http://www.wikidata.org/entity/Q6646450$925432
=942  \\$cBOO
=952  \\$00$10$2ddc$40$6AES_SMIT$70$8AES$915886$aORPH$bORPH$cKM12_1$d2022-11-06$l1$oAES SMIT$p20139084$r2022-06-08 00:00:00$s2021-03-12$w2021-01-12$yBOO
=999  \\$d15880

