=LDR  02576aam a2200253   4500
=001  15881
=005  20250120120558.0
=008  181204r20122004\\\ag\\\\\\\\\\\\\0\eng\d
=020  \\$a9780199744374
=041  \\$aeng
=100  \\$aLondon, Justin$4aut$917746
=245  \\$aHearing in Time:$bPsychological Aspects of Musical Meter
=250  \\$a2nd ed.
=260  \\$aNew York$bOxford University Press$c2012
=300  \\$a234 pages
=520  \\$aThis book develops a theory of musical meter based on psychological research in temporal perception, cognition, and motor behavior. Meter is regarded as a kind of entrainment, a synchronization of attention and actions to the rhythms of the environment. Drawing on research on the ability to make durational discriminations and categorizations at various tempos, the speed limits for meter are given: the inter-onset interval for metric elements must be greater than 100ms (10 per second) and less than 1.5-2.00 seconds. Care is taken to distinguish rhythms or patterns of duration from meters, the listener/performer's complex patterns of expectation and attention. It is thus shown that metric behaviors are highly tempo-dependent. Ambiguities may arise when a rhythmic pattern may be regarded under more than one meter, and conflicts may arise when a pattern of durations contradicts the ongoing meter. The theoretical core of the book is its development of a set of metric well-formedness constraints, which limit the temporal range and organization of patterns of metric entrainment. A consideration of the rhythmic practices of various non-western cultures, including some African and Indian music, leads to an additional well-formedness constraint, that of maximal evenness. This allows for meters that involve uneven (i.e., non-isochronous) beats. The book concludes with the many meters hypothesis, which proposes that a large number of expressively timed temporal templates are acquired, which are readily used when listening in familiar musical contexts.
=650  \0$aMeter$1http://www.wikidata.org/entity/Q630649$924074
=650  \0$aTempo$1http://www.wikidata.org/entity/Q189214$92723
=650  \0$aRhythm$1http://www.wikidata.org/entity/Q170406$92724
=650  \0$aMusic psychology$1http://www.wikidata.org/entity/Q476590$921788
=650  \0$aMusical analysis$1http://www.wikidata.org/entity/Q1544924$92775
=942  \\$cBOO
=952  \\$00$10$2ddc$40$6MTP_1_000000000000000_LOND$70$8MTP$915887$aORPH$bORPH$cKM12_1$d2021-12-22$g34.00$l1$m3$oMTP1 LOND$p20139439$r2022-09-06 00:00:00$s2021-03-10$w2021-01-12$yBOO
=999  \\$d15881

