=LDR  00937aam a2200241   4500
=001  15883
=005  20250120120159.0
=008  120918s2000\\\\\\\\\\\\\\\\\\\\\\0\ger
=020  \\$a3883776300
=041  \\$ager
=245  \\$aHector Berlioz:$bAutopsie des Künstlers
=260  \\$aMunich$bEdidtion text + kritik$c2000
=300  \\$a128 pages
=490  \\$aMusik-Konzepte$v108
=600  \0$aBerlioz, Hector$d1803-1869$1http://www.wikidata.org/entity/Q1151$99542
=648  \0$a19th Century (1801-1900)$1http://www.wikidata.org/entity/Q6955$920935
=650  \0$aComposer$1http://www.wikidata.org/entity/Q36834$93625
=651  \0$aFrance$1http://www.wikidata.org/entity/Q142$9131
=700  \\$4aut$aMetzger, Heinz-Klaus$d1932-2009$916532
=700  \\$4aut$aRiehn, Rainer$916533
=942  \\$cBOO
=952  \\$00$10$2ddc$40$6PER_MK1$70$8PER$915889$aORPH$bORPH$cKM12_1$d2021-11-23$oPER MK1$p20111597$r2021-01-12 00:00:00$w2021-01-12$yBOO
=999  \\$d15883

