=LDR  00531aam a2200169   4500
=001  15892
=005  20230123102455.0
=008  150917s1971\\\\\\\\\\\\\\\\\\\\\\0\d
=020  \\$a3764920394
=041  \\$ager
=100  \\$4aut$aNowak, Adolf$917752
=245  \\$aHegels musikästhetik
=260  \\$aRegensburg$bGustav-Bosse verlag$c1971
=300  \\$a224
=942  \\$cBOO
=952  \\$00$10$2ddc$40$6PHI_HEGE_B_NOWA$70$8PHI$915898$aORPH$bORPH$cKM12_3_2$d2021-08-04$oPHI HEGE b NOWA$p20132971$r2021-01-12 00:00:00$w2021-01-12$yBOO
=999  \\$c15892$d15892

