=LDR  00563aam a2200169   4500
=001  15895
=005  20250120120121.0
=008  170131s1967\\\\\\\\\\\\\\\\\\\\\\0\d
=041  \\$ager
=100  \\$4Herausgeber$aNicolin, Friedhelm$917755
=100  \\$4Herausgeber$aPöggeler, Otto$916848
=245  \\$aHegel-Studien
=260  \\$aBonn$bH. Bouvier & co verlag$c1967
=300  \\$a235-244
=942  \\$cBOO
=952  \\$00$10$2ddc$40$6PHI_HEGE_B_NICO$70$8PHI$915901$aORPH$bORPH$cKM12_3_2$d2021-08-04$oPHI HEGE b NICO$p20132965$r2021-01-12 00:00:00$w2021-01-12$yBOO
=999  \\$c15895$d15895

