=LDR  02165aam a2200241   4500
=001  15897
=005  20250120120016.0
=008  150414s2005\\\\\\\\\\\\\\\\\\\\\\0\ger
=020  \\$a9783770542017
=041  \\$ager
=100  \\$aHan, Byung-Chul$d1959-$4aut$1http://www.wikidata.org/entity/Q495875$915738
=245  \\$aHegel und die Macht:$bEin Versuch über die Freundlichkeit
=260  \\$aMunich$bFink$c2005
=300  \\$a140 pages
=520  \\$aHegels Denken zeugt von einem tiefen Bewusstsein der Macht. Schon lange vor Nietzsche hat Hegel sehr eindringlich über Macht nachgedacht. Er ist wohl der erste Theoretiker der Macht. Die Macht bildet die Tiefenschicht des Hegelschen Denkens. So durchströmt sie die Innenräume seines Systems. Hans machttheoretische Erkundung stellt gleichzeitig eine sehr anschauli-che Einführung in Hegels Denken dar, die dessen verborgene Windungen freilegt. Hegel beschreibt Grundfiguren seines Denkens wie Geist, Gott, Gesetz, Begriff, Freiheit, Wahrheit oder Schönheit machttheoretisch. Er legt z. B. eindringlich dar, inwiefern die Religion ein Phänomen der Macht ist. So präsentiert sich seine Religionsphilosophie als eine spannungsreiche Phänomenologie der Macht. In der "Wissenschaft der Logik" entfaltet er eine Logik der Macht, die aktuell genug ist, um unterschiedliche Machtprozesse von heute präzis zu beschreiben. Die vorlegende Studie geht auch kritisch mit Hegel um. Sie macht Phänomene sichtbar, die sich der Machtlogik ganz entziehen. Verwiesen wird auf eine Freundlichkeit, die durch Abwesenheit der Macht glänzt.
=600  \0$aHegel, Georg Wilhelm Friedrich$d1770-1831$1http://www.wikidata.org/entity/Q9235$915796
=648  \0$a19th Century (1801-1900)$1http://www.wikidata.org/entity/Q6955$920935
=648  \0$a21st Century (2001-2100)$1http://www.wikidata.org/entity/Q6939$920812
=650  \0$aPhilosophy$1http://www.wikidata.org/entity/Q5891$92357
=651  \0$aGermany$1http://www.wikidata.org/entity/Q183$9155
=942  \\$cBOO
=952  \\$00$10$2ddc$40$6PHI_HEGE_B_HAN$70$8PHI$915903$aORPH$bORPH$cKM12_3_2$d2021-08-04$g28.00$oPHI HEGE b HAN$p20132956$r2021-01-12 00:00:00$w2021-01-12$yBOO
=999  \\$d15897

