=LDR  01645aam a2200193   4500
=001  15898
=005  20250120120121.0
=008  130820s1997\\\\\\\\\\\\\\\\\\\\\\0\e
=020  \\$a9780192854100
=041  \\$aeng
=100  \\$aInwood, Michael$4aut$917757
=245  \\$aHeidegger
=260  \\$aOxford$bOxford university press$c1997
=300  \\$a151
=520  \\$aMartin Heidegger (1889-1976) is probably the most divisive philosopher of the twentieth century: viewed by some as a charlatan and by others as a leader and central figure of modern philosophy. Michael Inwood's lucid introduction to Heidegger's thought focuses on his most important work, "Being and Time," and its major themes of existence in the world, inauthenticity, guilt, destiny, truth, and the nature of time. These themes are then reassessed in the light of Heidegger's later work, together with the extent of his philosophical importance and influence. This is an invaluable guide to the complex and voluminous thought of a major twentieth-century existentialist philosopher.

About the Series: Combining authority with wit, accessibility, and style, Very Short Introductions offer an introduction to some of life's most interesting topics. Written by experts for the newcomer, they demonstrate the finest contemporary thinking about the central problems and issues in hundreds of key topics, from philosophy to Freud, quantum theory to Islam
=490  \\$aVery short introductions$v25
=942  \\$cBOO
=952  \\$00$10$2ddc$40$6PHI_HEID_B_INWO$70$8PHI$915904$aORPH$bORPH$cKM12_3_2$d2021-08-05$g9.00$oPHI HEID B INWO$p20133129$r2021-01-12 00:00:00$w2021-01-12$yBOO
=999  \\$c15898$d15898

