=LDR  00526aam a2200169   4500
=001  15902
=005  20250120120121.0
=008  121214s1970\\\\\\\\\\\\\\\\\\\\\\0\f
=020  \\$a902475016 4
=041  \\$afre
=100  \\$aDeclève, Henri$4aut$917759
=245  \\$aHeidegger et Kant
=260  \\$aDen Haag$bMartinus Nijhoff$c1970
=300  \\$a380
=942  \\$cBOO
=952  \\$00$10$2ddc$40$6PHI_HEID_B_DECL$70$8PHI$915908$aORPH$bORPH$cKM12_3_2$d2021-08-05$oPHI HEID b DECL$p20133113$r2021-01-12 00:00:00$w2021-01-12$yBOO
=999  \\$c15902$d15902

