=LDR  00926aam a2200217   4500
=001  15904
=005  20250925143303.0
=008  150317s1996\\\\\\\\\\\\\\\\\\\\\\0\ger
=020  \\$a377053106X
=041  \\$ager
=100  \\$aHan, Byung-Chul$d1959-$4aut$1http://www.wikidata.org/entity/Q495875$915738
=245  \\$aHeideggers Herz:$bZum Begriff der Stimmung bei Martin Heidegger
=260  \\$aMunich$bFink$c1996
=300  \\$a183 pages
=600  \0$aHeidegger, Martin$d1889-1976$1http://www.wikidata.org/entity/Q48301$917538
=648  \0$a20th Century (1901-2000)$1http://www.wikidata.org/entity/Q6927$920936
=650  \0$aPhilosophy$1http://www.wikidata.org/entity/Q5891$92357
=651  \0$aGermany$1http://www.wikidata.org/entity/Q183$9155
=942  \\$cBOO
=952  \\$00$10$2ddc$40$6PHI_HEID_B_HANB$70$8PHI$915910$aORPH$bORPH$cKM12_3_2$d2021-08-05$g35.00$oPHI HEID b HANB$p20133130$r2021-01-12 00:00:00$w2021-01-12$yBOO
=999  \\$d15904

