=LDR  01000aam a2200229   4500
=001  15907
=005  20250925143303.0
=008  190514s1987\\\\\\\\\\\\\\\\\\\\\\0\eng
=020  \\$a9061862035
=041  \\$aeng
=100  \\$aPuthenpurackal, Johnson J.$4aut$917763
=245  \\$aHeidegger through Authentic Totality to Total Authenticity:$bA Unitary Approach to his Thought in its Two Phases
=260  \\$aLeuven$bLeuven University Press$c1987
=300  \\$a342 pages
=490  \\$aLouvain Philosophical Studies$v2
=600  \0$aHeidegger, Martin$d1889-1976$1http://www.wikidata.org/entity/Q48301$917538
=648  \0$a20th Century (1901-2000)$1http://www.wikidata.org/entity/Q6927$920936
=650  \0$aPhilosophy$1http://www.wikidata.org/entity/Q5891$92357
=651  \0$aGermany$1http://www.wikidata.org/entity/Q183$9155
=942  \\$cBOO
=952  \\$00$10$2ddc$40$6PHI_HEID_B_PUTH$70$8PHI$915913$aORPH$bORPH$cKM12_3_2$d2021-08-05$oPHI HEID b PUTH$p20133111$r2021-01-12 00:00:00$w2021-01-12$yBOO
=999  \\$d15907

