=LDR  00672aam a2200169   4500
=001  15908
=005  20250120120121.0
=008  120306s1991\\\\\\\\\\\\\\\\\\\\\\0\\\\
=020  \\$a9789039105177
=100  \\$aRorty, Richard$4aut$917764
=245  \\$aHeidegger, Wittgenstein en pragmatisme: Essays over post-analytische en post-nietzscheaanse filosofie
=260  \\$aKampen$bKok Agora$c1991
=300  \\$a171
=520  \\$aKeuze uit de essays van de Amerikaanse pragmatistische filosoof (1931-)
=942  \\$cBOO
=952  \\$00$10$2ddc$40$6PHI_HEID_B_RORT$70$8PHI$915914$aORPH$bORPH$cKM12_3_2$d2021-08-05$oPHI HEID b RORT$p20133128$r2021-01-12 00:00:00$w2021-01-12$yBOO
=999  \\$c15908$d15908

