=LDR  00582aam a2200181   4500
=001  15909
=005  20251009081720.0
=008  150513s1977\\\\\\\\\\\\\\\\\\\\\\0\e/d
=020  \\$a0911302352
=041  \\$ae/d
=100  \\$4edt$aHertz, Johanna$917765
=245  \\$aHeinrich Hertz: Memoirs, letters, diaries
=260  \\$aCalifornia$bSan Francisco press$c1977
=250  \\$a2
=300  \\$a361
=942  \\$cBOO
=952  \\$00$10$2ddc$40$6BIO_HERT_A$70$8BIO$915915$aORPH$bORPH$cKTS1_P$d2021-10-19$g33.00$oBIO HERT a$p20129801$r2021-01-12 00:00:00$w2021-01-12$yBOO$Vamazon.co.uk
=999  \\$c15909$d15909

