=LDR  01849aam a2200217   4500
=001  15912
=005  20251001162313.0
=008  161122s2012\\\\\\\\\\\\\\\\\\\\\\0deng\d
=020  \\$a978107504332
=041  \\$aeng
=100  \\$aSteege, Benjamin$4aut$917768
=245  \\$aHelmholtz and the Modern Listener
=260  \\$aCambridge$bCambridge University$c2012
=300  \\$a282 pages
=520  \\$aThe musical writings of scientist Hermann von Helmholtz (1821-1894) have long been considered epoch-making in the histories of both science and aesthetics. Widely regarded as having promised an authoritative scientific foundation for harmonic practice, Helmholtz can also be read as posing a series of persistent challenges to our understanding of the musical listener. Helmholtz was at the forefront of sweeping changes in discourse about human perception. His interrogation of the physiology of hearing threw notions of the self-possessed listener into doubt and conjured a sense of vulnerability to mechanistic forces and fragmentary experience. Yet this new image of the listener was simultaneously caught up in wider projects of discipline, education, and liberal reform. Reading Helmholtz in conjunction with a range of his intellectual sources and heirs, from Goethe to Weber to George Bernard Shaw, Steege explores the significance of Helmholtz's listener as an emblem of a broader cultural modernity.
=600  \0$aHelmholtz, Hermann von$d1821-1894$1http://www.wikidata.org/entity/Q60024$919391
=650  \0$aMusic philosophy and aesthetics$1http://www.wikidata.org/entity/Q2092865$921165
=650  \0$aMusic psychology$1http://www.wikidata.org/entity/Q476590$921788
=942  \\$cBOO
=952  \\$00$10$2ddc$40$6AES_STEE$70$8AES$915918$aORPH$bORPH$cKM12_1$d2016-11-06$l1$oAES STEE$p20139095$r2022-06-08 00:00:00$s2021-03-12$w2016-11-06$yBOO
=999  \\$d15912

