=LDR  01704aam a2200193   4500
=001  15913
=005  20250120120122.0
=008  150421s2014\\\\\\\\\\\\\\\\\\\\\\0\e
=020  \\$a9780823261956
=041  \\$aeng
=100  \\$4aut$aSchmidgen, Henning$917769
=100  \\$4Translator$aSchott, Nils F.$917770
=245  \\$aThe Helmholtz curves: Tracing lost time
=260  \\$aNew York$bFordham University Press$c2014
=300  \\$a228
=520  \\$aThis book reconstructs the emergence of the phenomenon of "lost time" by engaging with two of the most significant time experts of the nineteenth century: the German physiologist Hermann von Helmholtz and the French writer Marcel Proust.

Its starting point is the archival discovery of curve images that Helmholtz produced in the context of pathbreaking experiments on the temporality of the nervous system in 1851. With a "frog drawing machine," Helmholtz established the temporal gap between stimulus and response that has remained a core issue in debates between neuroscientists and philosophers.

When naming the recorded phenomena, Helmholtz introduced the term temps perdu, or lost time. Proust had excellent contacts with the biomedical world of late-nineteenth-century Paris, and he was familiar with this term and physiological tracing technologies behind it. Drawing on the machine philosophy of Deleuze, Schmidgen highlights the resemblance between the machinic assemblages and rhizomatic networks within which Helmholtz and Proust pursued their respective projects.
=942  \\$cBOO
=952  \\$00$10$2ddc$40$6PHI_SCHM_A$70$8PHI$915919$aORPH$bORPH$cKM12_3_2$d2021-08-17$g26.00$oPHI SCHM a$p20133907$r2021-01-12 00:00:00$w2021-01-12$yBOO
=999  \\$c15913$d15913

