=LDR  00723aam a2200205   4500
=001  15948
=005  20250120120122.0
=008  120222s1995\\\\\\\\\\\\\\\\\\\\\\0\dut
=020  \\$a9789053521243
=041  \\$adut
=245  \\$aHermeneutiek en cultuur:$binterpretatie in de kunst-en cultuurwetenschappen
=260  \\$aAmsterdam$bBoom$c1995
=300  \\$a220 pages
=650  \0$aPhilosophy$1http://www.wikidata.org/entity/Q5891$92357
=700  \\$4edt$aAnkersmit, Frank$917804
=700  \\$4edt$aNierop, Maarten van$916781
=700  \\$4edt$aPott, H.$917805
=942  \\$cBOO
=952  \\$00$10$2ddc$40$6PHI_ANKE_A$70$8PHI$915954$aORPH$bORPH$cKM12_3_2$d2021-08-05$oPHI ANKE a$p20133081$r2021-01-12 00:00:00$w2021-01-12$yBOO
=999  \\$d15948

