=LDR  00812aam a2200205   4500
=001  15949
=005  20250925143303.0
=008  140619s1974\\\\\\\\\\\\\\\\\\\\\\0\fre
=020  \\$a9782707300065
=041  \\$afre
=100  \\$aSerres, Michel$d1930-2019$4aut$1http://www.wikidata.org/entity/Q364456$916516
=245  \\$aHermes III :$bLa traduction
=260  \\$aParis$bLes Éditions de Minuit$c1974
=300  \\$a267 pages
=648  \0$a20th Century (1901-2000)$1http://www.wikidata.org/entity/Q6927$920936
=650  \0$aPhilosophy$1http://www.wikidata.org/entity/Q5891$92357
=651  \0$aFrance$1http://www.wikidata.org/entity/Q142$9131
=942  \\$cBOO
=952  \\$00$10$2ddc$40$6PHI_SERR_A$70$8PHI$915955$aORPH$bORPH$cKM12_3_2$d2021-08-18$g24.35$oPHI SERR a$p20133930$r2021-01-12 00:00:00$w2021-01-12$yBOO
=999  \\$d15949

