=LDR  02299aam a2200241   4500
=001  15970
=005  20250120120123.0
=008  140226s2003\\\\\\\agh\\\\\\\\\\\\0\fre\d
=020  \\$a9782869311060
=041  \\$afre
=245  \\$aHistoire de la notation :$bdu Moyen Age à la Renaissance
=260  \\$aParis$bMinerve$c2003
=300  \\$a206 pages
=490  \\$aMusique Ouverte
=520  \\$aStrangely enough, the history of musical notation remains a relatively unexplored field. Admittedly, detailed studies abound, numerous critical editions raise new questions, a few authors have even launched into the writing of manuals, while others have projected new concepts into the world of musicology, such as the crucial concept of orality.
From the discoverers of the eighteenth and nineteenth centuries to the specialists of the late twentieth century, we have come a long way in understanding musical notation, and in particular the notations of the Middle Ages and the Renaissance. It seems impossible for musicologists today to grasp the entirety of this field of study: the amount of knowledge to be acquired often exceeds individual horizons.
This book is an attempt to make up for this shortcoming. However, it does not claim to be exhaustive. Nor does it claim to offer a range of methods for transcribing ancient notations into modern notation. Its aim is simply to explore almost eight centuries of the history of notation in order to illustrate what is at stake, to provide keys to understanding systems that are as diverse as they are stimulating, and to measure as accurately as possible the place that the act of notation has occupied during these centuries of musical practice. (Translated with Deepl.com)
=650  \0$aMusic history$1http://www.wikidata.org/entity/Q846047$921373
=650  \0$aNotation$1http://www.wikidata.org/entity/Q233861$91964
=700  \\$aColette, Marie-Noëlle$1http://www.wikidata.org/entity/Q55999260$4edt$917827
=700  \\$aPopin, Marielle$4edt$917828
=700  \\$aVendrix, Philippe$1http://www.wikidata.org/entity/Q3380840$4edt$917829
=942  \\$cBOO
=952  \\$00$10$2ddc$40$6MTP_1_000000000000000_COLE$70$8MTP$915976$aORPH$bORPH$cKM12_1$d2014-02-18$g20.91$l1$oMTP1 COLE$p20143853$r2024-10-08 16:15:14$s2021-03-12$w2021-01-12$yBOO$Vamazon.fr
=999  \\$d15970

