=LDR  01722aam a2200253   4500
=001  15973
=005  20250605144308.0
=008  180615s1855\\\\\\\af\\\\\\\\\\\\\0\fre\d
=041  \\$afre
=100  \\$aVan Lokeren, August$4aut$917831
=245  \\$aHistoire de Saint-Bavon et de la crypte de Saint-Jean
=260  \\$aGhent$bHebbelynck$c1855
=300  \\$a3 vols. (257+173 pages+35 (folded) sheets)$billustrations
=500  \\$aSaint Bavo of Ghent (birth name Allowyn, Latin Allowinus) was born around 589 in Hesbaye and died on 1 October 659 in Ghent (now Belgium). He was a trader in pictorial plants, a local speciality. The patron saint of Ghent, Haarlem and Wilrijk, he is commemorated liturgically on 1 October.
=610  \0$aSint-Baafskathedraal (Ghent, Belgium)$1http://www.wikidata.org/entity/Q938154$920979
=650  \0$aReligion$1http://www.wikidata.org/entity/Q9174$93062
=650  20$aCatholicism$1http://www.wikidata.org/entity/Q1841$921631
=650  \0$aHistory$1http://www.wikidata.org/entity/Q309$921403
=651  \0$aGhent (Belgium)$1http://www.wikidata.org/entity/Q1296$920924
=942  \\$cBOO
=952  \\$00$10$2ddc$3I$40$6KTS_1_000000000000000_H_07_014_01$70$8RAR$915979$aORPH$bORPH$cKTS1_H$l0$oKTS1 H.07.014_01$p20143692$r2021-01-12 00:00:00$w2021-01-12$yBOO
=952  \\$00$10$2ddc$3II: analyse succinte des chartes et documents de l'abbayre de Saint-Bavon $40$6KTS_1_000000000000000_H_07_014_02$70$8RAR$915980$aORPH$bORPH$cKTS1_H$l0$oKTS1 H.07.014_02$p20143693$r2021-01-12 00:00:00$w2021-01-12$yBOO
=952  \\$00$10$2ddc$3III: images$40$6KTS_1_000000000000000_H_07_014_03$70$8RAR$923527$aORPH$bORPH$cKTS1_H$d2024-07-29$l0$oKTS1 H.07.014_03$p20143694$r2024-07-29 00:00:00$w2021-01-12$yBOO
=999  \\$d15973

