=LDR  01905aam a2200277   4500
=001  15977
=005  20250821124556.0
=008  161017s2014\\\\\\\adc\\\\\\\\\\\\0\fre\d
=020  \\$a9782343025544
=041  \\$afre
=100  \\$aLa Grandville, Frédéric de$4aut$917833
=245  \\$aUne histoire du piano au Conservatoire de musique de Paris 1795-1850
=260  \\$aParis$bL'Harmattan$c2014
=300  \\$a290 pages
=520  \\$aHow did the piano become part of our society? How was its playing, teaching and distribution understood when it appeared at the end of the 18th century? The world-famous Paris Conservatoire appears to be the ideal place to explore these questions. How did it evolve from a military music school to a notion of “music for society”? What about female students? How do you recruit teachers? What is the value of Conservatoire competitive examinations on the “job market”? (Translated with DeepL.com)
=610  \0$aConservatoire de Paris (France)$1http://www.wikidata.org/entity/Q463055$920895
=648  \0$a18th Century (1701-1800)$1http://www.wikidata.org/entity/Q7015$920899
=648  \0$a19th Century (1801-1900)$1http://www.wikidata.org/entity/Q6955$920935
=650  \0$aMusic history$1http://www.wikidata.org/entity/Q846047$921373
=650  \0$aPiano$1http://www.wikidata.org/entity/Q5994$1http://www.wikidata.org/entity/Q1521313$92127
=651  \0$aParis (France)$1http://www.wikidata.org/entity/Q90$9160
=700  \\$aBadura-Skoda, Paul$d1927-2019$1http://www.wikidata.org/entity/Q93672$4win$916015
=942  \\$cBOO
=952  \\$00$10$40$70$8COLL_UNK$915983$aORPH$bORPH$cLOC_UNK$g30.00$l1$m4$p20116208$q2022-03-16$r2021-03-10 00:00:00$s2021-03-10$w2021-01-12$yBOO$Vamazon.de
=952  \\$00$10$2ddc$40$6TOP_FR_PAR_6_000000000000000$70$8TOP$925024$aORPH$bORPH$cKTS0$d2025-01-23$g30.00$l0$oTOP FR.PAR 6$p20144000$r2025-01-23 15:34:20$w2021-01-12$yBOO
=999  \\$d15977

