=LDR  00766aam a2200193   4500
=001  15982
=005  20250120120022.0
=008  190514s1969\\\\\\\\\\\\\\\\\\\\\\0\fre
=041  \\$afre
=100  \\$aChailley, Jacques$d1911-1999$4aut$1http://www.wikidata.org/entity/Q1677932$915850
=245  \\$aHistoire musicale du moyen âge
=250  \\$a2nd ed.
=260  \\$aParis$bPresses Universitaires de France$c1969
=300  \\$a336 pages
=648  \0$aMiddle Ages (500-1400)$1http://www.wikidata.org/entity/Q12554$920964
=650  \0$aMusic history$1http://www.wikidata.org/entity/Q846047$921373
=942  \\$cBOO
=952  \\$00$10$2ddc$40$6GHM_3_000000000000000$70$8GHM$915988$aORPH$bORPH$cKM12_1$d2021-11-19$oGHM3$p20130700$r2021-01-12 00:00:00$w2021-01-12$yBOO
=999  \\$c15982$d15982

