=LDR  02714aam a2200289   4500
=001  15985
=005  20250926134858.0
=008  200612s2012\\\\\\\\\\\\\\\\\\\\\\0\eng
=020  \\$a9789033486012
=041  \\$aeng
=245  \\$aHistorically Informed Performing Bach:$bAnalysing and Mapping the Debate on the Scoring of Bach's Cantatas
=260  \\$aLeuven$bAcco$c2012
=300  \\$a64 pages$eCD
=490  \\$aCahiers van de FAK$v25
=520  \\$aThis artistic research project analyses the ongoing debate on the vocal and instrumental scoring of Bachs cantatas. It reveals both similarities and differences by means of a content analysis of written accounts and a hierarchical class analysis. Thus, it is shown that adherence to historical sources does not necessarily lead to univocal interpretation, even within a community of historically informed performers. Eventually, this research project reveals an analogy with processes of research and creation as documented in innovation studies.

About the authors:

Dirk Snellings holds a masters degree in Musicology. He is currently teaching Singing and History of Early Music at the Lemmensinstituut Leuven. Besides having a career as a soloist, he is the founder, artistic director and bass of the ensemble Capilla Flamenca. He is af liated researcher at the Faculty of Arts and Architecture of the KU Leuven.

Bart Van Looy is professor in the  eld of Innovation and Organization at the Department of Managerial Economics, Strategy and Innovation of the KU Leuven. He is co-promotor of ECOOM and af liated with the School of Management and Governance, University of Twente.

Stijn Vervliet holds a masters degree in Music. He is currently working as researcher and research coordinator at the Lemmensinstituut Leuven. He is a PhD student and af liated researcher at the Faculty of Arts and Architecture of the KU Leuven.
=600  \0$aBach, Johann Sebastian$d1685-1750$1http://www.wikidata.org/entity/Q1339$94766
=648  \0$a18th Century (1701-1800)$1http://www.wikidata.org/entity/Q7015$920899
=650  \0$aCantata$1http://www.wikidata.org/entity/Q174873$921603
=650  \0$aHistorically informed performance$1http://www.wikidata.org/entity/Q1344860$920980
=650  \0$aInstrumentation$1http://www.wikidata.org/entity/Q617028$923032
=651  \0$aGermany$1http://www.wikidata.org/entity/Q183$9155
=700  \\$4edt$aSnellings, Dirk$d1959-2014$1http://www.wikidata.org/entity/Q52836612$917839
=700  \\$4edt$aVan Looy, Bart$917840
=700  \\$4edt$aVervliet, Stijn$917841
=942  \\$cBOO
=952  \\$00$10$2ddc$40$6BIO_BACH1_E$70$8BIO$915991$aORPH$bORPH$cKTS1_P$d2021-11-25$oBIO BACH1 e$p20130980$r2021-01-12 00:00:00$w2021-01-12$yBOO
=999  \\$d15985

