=LDR  01811aam a2200217   4500
=001  15986
=005  20250120120041.0
=008  160822s1999\\\\\\\\\\\\\\\\\\\\\\0\eng
=020  \\$a9780521621939
=041  \\$aeng
=245  \\$aThe Historical Performance of Music:$bAn Introduction
=260  \\$aCambridge$bCambridge University Press$c1999
=300  \\$a219 pages
=490  \\$aCambridge Handbooks to the Historical Performance of Music
=520  \\$aThis volume offers an up-to-date overview of historical performance, surveying the various current issues (such as the influence of recording) and suggesting possible future developments. Its core comprises discussion of the period performer's myriad primary source materials and their interpretation, the various aspects of style and general technique that combine to make up a well-grounded, period interpretation, and a survey of performance conditions and practices, focusing on the period c. 1700-c. 1900. Many of the principles outlined are illustrated in case studies of works by Bach, Mozart, Berlioz and Brahms.

It forms an introductory volume for the new series of Cambridge Handbooks to the Historical Performance of Music, each of which focuses on a specific instrument or family of instruments
It provides an accessible, up-to-date overview of the historical performance movement, its ideals and methods
It aims to rectify the balance between historical accuracy and practical expediency
=650  \0$aHistorically informed performance$1http://www.wikidata.org/entity/Q1344860$920980
=700  \\$4aut$aLawson, Colin$916410
=700  \\$4aut$aStowell, Robin$916411
=942  \\$cBOO
=952  \\$00$10$2ddc$40$6MTP_2_000000000000000_LAWS$70$8MTP$915992$aORPH$bORPH$cKM12_1$d2021-11-23$oMTP2 LAWS$p20134481$r2021-01-12 00:00:00$w2021-01-12$yBOO
=999  \\$d15986

