=LDR  02367aam a2200181   4500
=001  15998
=005  20250120120123.0
=008  190625s1907\\\\\\\\\\\\\\\\\\\\\\0\eng
=041  \\$aeng
=100  \\$aPratt, Waldo Selden$4aut$917852
=245  \\$aThe History of Music:$bA Handbook and Guide for Students
=260  \\$aNew York$bSchirmer$c1907
=300  \\$a685 pages
=520  \\$aThe present book is the outgrowth of a fragmentary syllabus for classes that was issued in 1897. It is meant to be distinctly a book of reference for students rather than a literary or criti cal survey of a few salient aspects of the subject, or a specialists report of original research. Aiming at a certain degree of encyclopaedic fullness, it brings together facts and conclusions from a great variety of sources. Much labor has been expended in grouping the material in such a way as to give a systematic impression of the enormous field in view. In many cases some what full lists and summaries of details are given, partly to provide means for easy reference, partly to suggest how multi farious are the facts, and sometimes to indicate upon what sort of data are based the general statements that are offered. At every point an effort is made to emphasize the leading tenden cies or movements of musical advance, referring to particular styles and composers as illustrations. It was originally intended to include fairly exhaustive bib liographies, and a great amount of material was collected but the magnitude of this branch of the subject precluded its presentation in this volume. In connection with each period in the history, however, a brief statement is made concerning the musical literature of the time, but without any attempt at completeness. This is not in any sense a history of instruments, but some hints are given of the range andinterest of the topic, both by statements in the text and by illustrations of selected specimens. The latter are drawn from the well-known collections of the Metropolitan Museum in New York and of the University of Michigan at Ann Arbor, to the custodians of which the hearti est thanks are due for multiplied courtesies.
=650  \0$aMusic history$1http://www.wikidata.org/entity/Q846047$921373
=942  \\$cBOO
=952  \\$00$10$2ddc$40$70$8GHM$916004$aORPH$bORPH$cKM12_1$d2022-01-05$p20112194$r2021-01-12 00:00:00$w2021-01-12$yBOO
=999  \\$d15998

