=LDR  01091aam a2200205   4500
=001  15999
=005  20250120120123.0
=008  121012s1940\\\\\\\\\\\\\\\\\\\\\\0\eng\d
=041  \\$aeng
=100  \\$aSachs, Curt$d1881-1959$4aut$1http://www.wikidata.org/entity/Q57696$917853
=245  \\$aThe History of Musical Instruments
=250  \\$a1st ed.
=260  \\$aNew York$bNorton$c1940
=300  \\$a505 pages
=520  \\$aWritten by one of the world's most distinguished musicologists, this is the first comprehensive history of musical instruments. It traces their evolution from prehistoric to modern times, combining scholarship with insight in a remarkable fusion of music, anthropology, and the fine arts. Includes 24 plates and 167 illustrations.
=648  \0$aPast$1http://www.wikidata.org/entity/Q192630$922196
=650  \0$aOrganology$1http://www.wikidata.org/entity/Q899293$921400
=942  \\$cBOO
=952  \\$00$10$2ddc$40$6INS_1A$70$8INS$916005$aORPH$bORPH$cKTS0$d2022-08-11$g9.00$l1$oINS1a$p20112004$q2021-09-04$r2021-03-10 00:00:00$s2021-03-10$w2021-01-12$yBOO$Vamazon.co.uk
=999  \\$d15999

