=LDR  01191aam a2200181   4500
=001  16003
=005  20250120120009.0
=008  120306s1996\\\\\\\\\\\\\\\\\\\\\\0\e
=020  \\$a978041532505-9
=041  \\$aeng
=100  \\$aRussell, Bertrand$d1872-1970$4aut$1http://www.wikidata.org/entity/Q33760$915730
=245  \\$aHistory of western philosophy
=260  \\$aNew York$bRoutledge$c1996
=300  \\$a778
=520  \\$aA History of Western Philosophy[1] (1945) by the philosopher Bertrand Russell is a conspectus of Western philosophy from the pre-Socratic philosophers to the early 20th century. Although criticised for its over-generalization and its omissions, particularly from the post-Cartesian period, it was a popular and commercial success, and has remained in print from its first publication. When Russell was awarded the Nobel Prize for Literature in 1950, the book was cited as one of those that won him the award. The book provided Russell with financial security for the last part of his life.


=942  \\$cBOO
=952  \\$00$10$2ddc$40$6PHI_RUSS_A$70$8PHI$916009$aORPH$bORPH$cKM12_3_2$d2021-08-09$g12.00$oPHI RUSS a$p20133360$r2021-01-12 00:00:00$w2021-01-12$yBOO
=999  \\$c16003$d16003

