=LDR  01283aam a2200229   4500
=001  16007
=005  20250120120116.0
=008  180131s1990\\\\\\\\\\\\\\\\\\\\\\0\dut
=020  \\$a9035109015
=041  \\$adut$hita
=100  \\$4aut$aEco, Umberto$d1932-2016$1http://www.wikidata.org/entity/Q12807$917577
=245  \\$aHoe schrijf ik een scriptie
=250  \\$a5de druk
=260  \\$aAmsterdam$bUitgeverij Bert Bakker$c1990
=300  \\$a275 pages
=520  \\$aIn Hoe schrijf ik een scriptie? zet Umberto Eco op heldere en overzichtelijke wijze uiteen wat er allemaal komt kijken bij het schrijven van een scriptie. Stap voor stap beschrijft hij wat een scriptie is, hoe je een onderwerp moet kiezen, je werktijd moet indelen, bibliografisch onderzoek moet doen en het gevonden materiaal moet ordenen. Hij geeft veel praktische adviezen die het de student gemakkelijker zullen maken een scriptie niet alleen vol goede moed te beginnen, maar ook met plezier te voltooien.
=700  \\$4trl$4adp$aBoeke, Yond$917857
=700  \\$4trl$4adp$aKrone, Patty$917858
=765  \\$aCome si fa una tesi di laura
=942  \\$cBOO
=952  \\$00$10$2ddc$40$6REF_2_000000000000000_ECO$70$8REF$916013$aORPH$bORPH$cKM12_1$d2021-08-23$oREF2 ECO$p20131151$r2021-01-12 00:00:00$w2021-01-12$yBOO
=999  \\$d16007

