=LDR  01415aam a2200205   4500
=001  16008
=005  20251012160736.0
=008  120717s2000\\\\\\\a\\\\\\\\\\\\\\0\eng\d
=020  \\$a9781903643020
=041  \\$aeng
=100  \\$aHoffnung, Gerard$d1925-1959$4ill$1http://www.wikidata.org/entity/Q75340$917859
=245  \\$aThe Hoffnung Music Festival
=260  \\$aLondon$bHoffnung Partnership$c2000
=300  \\$a54 pages
=520  \\$aThe conductor sharpens his baton on a pencil sharpener, Stravinsky checks his tempi against a metronome, the tenor controls his voice with the help of knobs on his waistcoat and the Hoffnung Music Festival is underway in a riotous happening of symphonic caricature. The Hoffnung Festival Chorus, with one or two exceptions is performing with confidence and enthusiasm and the Maestro himself looks well pleased. Visiting prima donnas are perhaps rather alarming and it is a pity the Battle Symphony ends the way it does. In contrast a piscatorial Trout Quintet brings an element of calm to the scene. This book is one not to be missed.
=648  \0$a20th Century (1901-2000)$1http://www.wikidata.org/entity/Q6927$920936
=650  \0$aSatire$1http://www.wikidata.org/entity/Q128758$921636
=942  \\$cBOO
=952  \\$00$10$2ddc$40$6VIS_HOFF$70$8VIS$916014$aORPH$bORPH$cKTS1_H$d2022-09-20$l1$m1$oVIS HOFF$p20135980$q2025-11-27$r2025-10-02 11:36:43$s2025-10-02$w2021-01-12$yBOO
=999  \\$d16008

