=LDR  01412aam a2200193   4500
=001  16009
=005  20251012162258.0
=008  120717s2000\\\\\\\a\\\\\\\\\\\\\\0\eng\d
=020  \\$a9781903643051
=100  \\$aHoffnung, Gerard$d1925-1959$4ill$1http://www.wikidata.org/entity/Q75340$917859
=245  \\$aHoffnung's Acoustics
=260  \\$aLondon$bThe Hoffnung Partnership$c2000
=300  \\$a54
=520  \\$aHoffnung's last book, published two weeks after his death highlights a superb and highly developed sense of the purely ridiculous in musical fun. A matador entices a prancing grand piano into the bull-ring and a similar instrument, at the crack of the ring-leader's whip, rears on its back leg to its full magnificent height. In the section on Noises Hoffnung reaches dizzying heights as he puts sound on to paper. Discover exactly what a cadenza, a pizzicato, a thud, a ping or a dozen other sounds actually look like. Fantastic too isthe swarm of instruments forming the Tutti, a drawing which bears endless scrutiny. This last book of Hoffnung's must be the most memorable of them all.
=648  \0$a20th Century (1901-2000)$1http://www.wikidata.org/entity/Q6927$920936
=650  \0$aSatire$1http://www.wikidata.org/entity/Q128758$921636
=942  \\$cBOO
=952  \\$00$10$2ddc$40$6VIS_HOFF$70$8VIS$916015$aORPH$bORPH$cKTS1_H$d2022-09-20$l0$oVIS HOFF$p20135983$r2021-01-12 00:00:00$w2021-01-12$yBOO
=999  \\$d16009

