=LDR  01168aam a2200205   4500
=001  16010
=005  20251012155618.0
=008  120717s2000\\\\\\\a\\\\\\\\\\\\\\0\eng\d
=020  \\$a9781903643006
=041  \\$aeng
=100  \\$aHoffnung, Gerard$d1925-1959$4ill$1http://www.wikidata.org/entity/Q75340$917859
=245  \\$aThe Maestro
=260  \\$aLondon$bHoffnung Partnership$c2000
=300  \\$a52 pages
=520  \\$aThere can be few conductors who have not laughed out loud at these cartoons and found a modicum of truth in them. In these 50 drawings, commencing with alerto, embracing con anima, con delicatezza, and molto pomposo, then on to appassionato until the final triumph (and relief) of bravo bravissimo, here is an affectionate and genial glimpse into the mystique surrounding the Maestro together with a loving appraisal of his antics.
=648  \0$a20th Century (1901-2000)$1http://www.wikidata.org/entity/Q6927$920936
=650  \0$aSatire$1http://www.wikidata.org/entity/Q128758$921636
=942  \\$cBOO
=952  \\$00$10$2ddc$40$6VIS_HOFF$70$8VIS$916016$aORPH$bORPH$cKTS1_H$d2022-09-20$l0$oVIS HOFF$p20135981$r2021-01-12 00:00:00$w2021-01-12$yBOO
=999  \\$d16010

