=LDR  01352aam a2200169   4500
=001  16011
=005  20250120120124.0
=008  120717s2000\\\\\\\\\\\\\\\\\\\\\\0\\\\
=020  \\$a9781903643013
=100  \\$aHoffnung, Gerard$d1925-1959$4aut$1http://www.wikidata.org/entity/Q75340$917859
=245  \\$aThe Hoffnung Symphony Orchestra
=260  \\$aLondon$bThe Hoffnung Partnership$c2000
=300  \\$a54
=520  \\$aThe fact that a multitude of individualists can be harnessed to produce a unified ensemble was to Hoffnung one of the miracles of music and helped inspire his cartoon of the full orchestra shown at the beginning of the book. In the cartoons that follow, one for each instrument, a whole gamut of emotions comes into play. Could the couple sharing the violin and the experience of playing it together be anything but in love? High-lighted are the hazards and dangers confronting players of cymbals and tubular bells, as are the shocks sometimes experienced by organists and harpists. Operating a wind-machine can be uncomfortable and sitting too close to a bass trombone positively painful. This book is informative to a high degree and supplies many chuckles per page.
=942  \\$cBOO
=952  \\$00$10$2ddc$40$6VIS_HOFF$70$8VIS$916017$aORPH$bORPH$cKTS1_H$d2022-09-20$l0$oVIS HOFF$p20135982$r2021-01-12 00:00:00$w2021-01-12$yBOO
=999  \\$c16011$d16011

