=LDR  01284aam a2200289   4500
=001  16013
=005  20251103124736.0
=008  120125s2002\\\\gw\\\\\\\\\\\\\\\\0\ger
=020  \\$a3795210453
=041  \\$ager
=100  \\$aBär, Frank P.$4aut$917861
=245  \\$aHolzblasinstrumente im 16. und frühen 17. jahrhundert: Familienbildung und Musiktheorie
=260  \\$aTutzing$bSchneider$c2002
=300  \\$a613 pages
=336  \\$aprinted
=648  \0$a16th Century (1501-1600)$1http://www.wikidata.org/entity/Q7017$920944
=648  \0$a17th Century (1601-1700)$1http://www.wikidata.org/entity/Q7016$920923
=650  \0$aWoodwind instrument$1http://www.wikidata.org/entity/Q181247$94119
=650  \0$aFlute$1http://www.wikidata.org/entity/Q11405$921276
=650  \0$aRecorder$1http://www.wikidata.org/entity/Q187851$91903
=650  \0$aDulcian$1http://www.wikidata.org/entity/Q911038$922766
=650  \0$aBagpipes$1http://www.wikidata.org/entity/Q8347$922455
=650  \0$aSolmization$1http://www.wikidata.org/entity/Q223064$921562
=650  \0$aMusical interpretation$1http://www.wikidata.org/entity/Q1668139$94533
=942  \\$cBOO
=952  \\$00$10$2ddc$40$6INS_6A$70$8INS$916019$aORPH$bORPH$cKTS0$d2021-11-12$oINS6a$p20130163$r2021-01-12 00:00:00$w2021-01-12$yBOO
=999  \\$d16013

