=LDR  01172aam a2200181   4500
=001  16015
=005  20230123103503.0
=008  170606s2012\\\\\\\\\\\\\\\\\\\\\\0\e
=020  \\$a9781871480993
=041  \\$aeng
=100  \\$aErnst, Sophie$4aut$917862
=245  \\$aHome: Architecture of Memory
=260  \\$aWest Bretton$bYorkshire sculpture park$c2012
=300  \\$a175
=520  \\$aYSP presents the first solo exhibition in the UK by Sophie Ernst. HOME is a major ongoing project confronting political turmoil and displacement with individual memories of home and ideal places. Ernst interviews people forced to leave their homes due to political upheaval, such as during the Partition of South Asia in 1947, and builds an architectural model of the houses they describe. She then projects onto this sculpture video footage of the person's hands as they describe their memory of that building, transforming the inanimate object into a virtually inhabited space, and ascribing a profound intimacy.
=942  \\$cBOO$2ddc
=952  \\$00$10$2ddc$40$6VIS_ERNS$70$8VIS$916021$aORPH$bORPH$cKTS1_H$d2022-09-20$l0$oVIS ERNS$p20126038$r2021-01-12 00:00:00$w2021-01-12$yBOO
=999  \\$c16015$d16015

