=LDR  02364aam a2200193   4500
=001  16026
=005  20250120120124.0
=008  120322s2006\\\\\\\\\\\\\\\\\\\\\\0\ger
=020  \\$a9783897273221
=041  \\$ager
=100  \\$4aut$aGeuting, Matthias$917868
=245  \\$aHorizonte des Hörens:$bGerd Zacher
=260  \\$aSaarbrücken$bPFAU$c2006
=300  \\$a374 pages
=520  \\$aGerd Zacher: Komponist  Interpret  Kommissionär " Apologia Ioannis Caveae " Erfahrungen mit John Cages »Organ2/ASLSP« " Musik und Graphik " Das Rätsel der Schlußtakte aus Bachs Clavier-Übung III. Theil " Spielräume der Freiheit in Händels Six Fugues or Voluntarys for the Organ or Harpsichord " Samuel Scheidts Cantio Sacra »Vater unser im Himmelreich« aus der Tabulatura nova (1724) " Gedichte
Claude Rostand: Suite hambourgeoise 
Juan Allende-Blin: Der Inhalt eines Koffers 
Michael-Christfried Winkler: Bachs Choral in Bergs Konzert 
Jean Cébron: Hommage à Gerd Zacher 
Maria Deppermann: " Zu Olivier Messiaens franziskanischer Oper 
Andreas Distler: Kunstpol Mittelweg 
Klaus Linder: Gerd Zachers »Prière pour aller au Paradis avec les ânes« 
Johannes Vetter: Über die transzendentale Obdachlosigkeit 
Hans Otte: Klänge für Orgel 
Gary Verkade: Dieterich Buxtehude, »Vater unser im Himmelreich« 
Andrea Vierle: Ein philosophischer Versuch über das musikalische In-der-Welt-Sein 
Heinz-Klaus Metzger: Einige Gründe für die Notwendigkeit Gerd Zachers 
Matthias Schneider: Ein geistliches Konzert von Heinrich Schütz und seine Ausführung 
Rudolf Meyer: Imagination und Projektion im Orgelspiel 
Dieter Schnebel: & an Gerd Zacher 
Lucius Rühl: Zu Johann Sebastian Bachs Concerto nach Italiænischen Gusto aus der Clavier-Übung II (1735) 
Klaus Danzeglocke: Liedpredigt zu »Nun freut euch, lieben Christen g'mein« 
Eva-Maria Houben: Dazwischen, daneben  inmitten 
Christian Zierenberg: Formale Übereinstimmungen in Choralbearbeitungen von Johann Sebastian Bach und Dietrich Buxtehude 
Heinz-Klaus Metzger: Multiplizität des streng Richtigen 
Juan Allende-Blin: Entdecken, Entziffern, Erklingen " John Cage: !


=600  \0$aZacher, Gerd$1http://www.wikidata.org/entity/Q75679$917867
=942  \\$cBOO
=952  \\$00$10$2ddc$40$6BIO_ZACH1_D$70$8BIO$916032$aORPH$bORPH$cKTS1_P$d2022-09-08$oBIO ZACH1 d$p20129825$r2021-01-12 00:00:00$w2021-01-12$yBOO
=999  \\$d16026

