=LDR  00631aam a2200181   4500
=001  16027
=005  20250120120322.0
=008  201125s2020\\\\\\\\\\\\\\\\\\\\\\0\e
=020  \\$a9789074816557
=245  \\$aHotel Beethoven
=260  \\$aBrussel$bBozar Books$c2020
=300  \\$a119 pages
=600  \0$aBeethoven, Ludwig van$d1770-1827$1http://www.wikidata.org/entity/Q255$95335
=700  \\$4aut$aDe Visscher, Jacques$918632
=700  \\$4aut$aKoaji, Vera$917869
=942  \\$cBOO
=952  \\$00$10$2ddc$40$6BIO_BEET_E$70$8BIO$916033$aORPH$bORPH$cKTS1_P$d2022-06-24$oBIO BEET e$p20130564$r2021-01-12 00:00:00$w2021-01-12$yBOO
=999  \\$c16027$d16027

