=LDR  00525aam a2200157   4500
=001  16028
=005  20230123103504.0
=008  120827s2002\\\\\\\\\\\\\\\\\\\\\\0\dut
=020  \\$a9050189954
=100  \\$aWagenaar, Willem A.$4aut$917871
=245  \\$aHet houden van een presentatie
=260  \\$aRotterdam$bNRC Handelsblad$c2002
=300  \\$a30 pages
=942  \\$cBOO
=952  \\$00$10$2ddc$40$6REF_2_000000000000000_WAGE$70$8REF$916034$aORPH$bORPH$cKM12_1$d2021-08-24$oREF2 WAGE$p20131178$r2021-01-12 00:00:00$w2021-01-12$yBOO
=999  \\$d16028

