=LDR  02263aam a2200181   4500
=001  16031
=005  20250120120124.0
=008  120919s2009\\\\\\\\\\\\\\\\\\\\\\0\eng
=020  \\$a9780674032668
=041  \\$aeng
=100  \\$aLamont, Michèle$4aut$917873
=245  \\$aHow Professors Think:$bInside the Curious World of Academic Judgment
=260  \\$aCambridge, MA$bHarvard University Press$c2009
=300  \\$a330 pages
=520  \\$aExcellence. Originality. Intelligence. Everyone in academia stresses quality. But what exactly is it, and how do professors identify it?

In the academic evaluation system known as peer review, highly respected professors pass judgment, usually confidentially, on the work of others. But only those present in the deliberative chambers know exactly what is said. Michèle Lamont observed deliberations for fellowships and research grants, and interviewed panel members at length. In How Professors Think, she reveals what she discovered about this secretive, powerful, peculiar world.

Anthropologists, political scientists, literary scholars, economists, historians, and philosophers dont share the same standards. Economists prefer mathematical models, historians favor different kinds of evidence, and philosophers dont care much if only other philosophers understand them. But when they come together for peer assessment, academics are expected to explain their criteria, respect each others expertise, and guard against admiring only work that resembles their own. They must decide: Is the research original and important? Brave, or glib? Timely, or merely trendy? Pro-diversity or interdisciplinary enough?

Judging quality isnt robotically rational; its emotional, cognitive, and social, too. Yet most academics self-respect is rooted in their ability to analyze complexity and recognize quality, in order to come to the fairest decisions about that elusive god, excellence. In How Professors Think, Lamont aims to illuminate the confidential process of evaluation and to push the gatekeepers to both better understand and perform their role.
=942  \\$cBOO
=952  \\$00$10$2ddc$40$6MTP_4_000000000000000_LAMO$70$8MTP$916037$aORPH$bORPH$cKM12_1$d2021-12-21$oMTP4 LAMO$p20135482$r2021-01-12 00:00:00$w2021-01-12$yBOO
=999  \\$d16031

