=LDR  01227aam a2200193   4500
=001  16034
=005  20250120120124.0
=008  120425s2005\\\\\\\\\\\\\\\\\\\\\\0\eng
=020  \\$a9780335216857
=041  \\$aeng
=245  \\$aHow to Get a PhD: A Handbook for Students and Their Supervisors
=260  \\$aBerkshire$bOpen University Press$c2005
=300  \\$a220 pages
=520  \\$aA welcome revision to what has always been a popular book amongst intending PhD students; certainly an essential for all careers libraries!...Order your copy of the book today, and watch your students queue to consult it!" - Phoenix"Phillips and Pugh's book has, since its original publication in 1987, become the undisputed bible for doctoral students...To say that this book is a goldmine of hints, sound advice and carefully researched observations and lessons is an understatement." - Nursing Times --This text refers to an out of print or unavailable edition of this title.
=700  \\$4aut$aPhillips, Estelle M.$917877
=700  \\$4aut$aPugh, Derek S.$917878
=942  \\$cBOO
=952  \\$00$10$2ddc$40$6REF_2_000000000000000_PHIL$70$8REF$916040$aORPH$bORPH$cKM12_1$d2021-08-24$oREF2 PHIL$p20131153$r2021-01-12 00:00:00$w2021-01-12$yBOO
=999  \\$d16034

