=LDR  00937aam a2200193   4500
=001  16035
=005  20250120120124.0
=008  120904s2009\\\\\\\\\\\\\\\\\\\\\\0\eng
=020  \\$a9780230205406
=041  \\$aeng
=100  \\$aGodfrey, Jeanne$4aut$917879
=245  \\$aHow to use your reading in your essays
=260  \\$aNew York$bPalgrave Macmillan$c2009
=300  \\$a142 pages
=490  \\$aPalgrave study guides
=520  \\$aFeaturing real texts and examples of student writing, this practical book guides the undergraduate student through the process of effectively using reading in their essays. It covers - selecting what to read, how to quote, paraphrase and summarise sources, through to spotting and correcting mistakes in the final essay.
=942  \\$cBOO
=952  \\$00$10$2ddc$40$6REF_2_000000000000000_GODF$70$8REF$916041$aORPH$bORPH$cKM12_1$d2021-08-24$g10.00$oREF2 GODF$p20131146$r2021-01-12 00:00:00$w2021-01-12$yBOO
=999  \\$d16035

