=LDR  00556aam a2200169   4500
=001  16036
=005  20230123103506.0
=008  130429s2007\\\\\\\\\\\\\\\\\\\\\\0\eng
=020  \\$a9780954625726
=041  \\$aeng
=100  \\$aMcCarthy, Sean$4aut$917880
=245  \\$aHow to write a competitive proposal for framework 7
=260  \\$aIreland$bHyperion$c2007
=300  \\$a243 pages
=942  \\$cBOO
=952  \\$00$10$2ddc$40$6REF_2_000000000000000_MCCA$70$8REF$916042$aORPH$bORPH$cKM12_1$d2021-08-24$oREF2 MCCA$p20131127$r2021-01-12 00:00:00$w2021-01-12$yBOO
=999  \\$d16036

