=LDR  01183aam a2200205   4500
=001  16038
=005  20250120120124.0
=008  120904s2008\\\\\\\\\\\\\\\\\\\\\\0\eng
=020  \\$a9780230224803
=041  \\$aeng
=100  \\$aGreetham, Bryan$4aut$917881
=245  \\$aHow to Write Better Essays
=250  \\$a2nd ed.
=260  \\$aNew York$bPalgrave Macmillan$c2008
=300  \\$a308 pages
=490  \\$aPalgrave study guides
=520  \\$aThis book takes the reader carefully through each stage of essay writing from interpretation of the question, to the research, planning, writing and revision. Readers are shown how to improve not just study skills like note taking, reading, organization and writing, but their thinking skills too. The reader will learn how to analyze difficult concepts, criticize and evaluate arguments, use evidence, and develop more of their own ideas. This book gives clear practical advice, with a troubleshooting section that deals with a range of common problems.
=942  \\$cBOO
=952  \\$00$10$2ddc$40$6REF_2_000000000000000_GREE$70$8REF$916044$aORPH$bORPH$cKM12_1$d2021-08-24$g11.00$oREF2 GREE$p20131143$r2021-01-12 00:00:00$w2021-01-12$yBOO
=999  \\$d16038

