=LDR  00606aam a2200193   4500
=001  16039
=005  20250120120124.0
=008  110829s1996\\\\\\\\\\\\\\\\\\\\\\0\eng
=020  \\$a9781853770166
=041  \\$aeng
=245  \\$aHow to write essays: A guide for students
=250  \\$a5
=260  \\$aLondon$bBlackwell$c1996
=300  \\$a24 pages
=700  \\$4aut$aAshman, Sandra$917882
=700  \\$4aut$aCreme, Phyllis$917883
=942  \\$cBOO
=952  \\$00$10$2ddc$40$6REF_2_000000000000000_ASHM$70$8REF$916045$aORPH$bORPH$cKM12_1$d2021-08-23$oREF2 ASHM$p20131209$r2021-01-12 00:00:00$w2021-01-12$yBOO
=999  \\$d16039

