=LDR  01054aam a2200193   4500
=001  16040
=005  20250120120124.0
=008  120904s2009\\\\\\\\\\\\\\\\\\\\\\0\eng
=020  \\$a9780230218758
=041  \\$aeng
=100  \\$aGreetham, Bryan$4aut$917881
=245  \\$aHow to Write Your Undergraduate Dissertation
=260  \\$aNew York$bPalgrave Macmillan$c2009
=300  \\$a394 pages
=490  \\$aPalgrave Study Guides
=520  \\$aExamining each essential stage of research and writing a dissertation, this book teaches students across all disciplines how to generate ideas and develop them into original research projects. 

It clearly explains the best way of planning and conducting research using qualitative and quantitative techniques and primary and secondary material; enabling the student to successfully plan and write a clear and concise dissertation.
=942  \\$cBOO
=952  \\$00$10$2ddc$40$6REF_2_000000000000000_GREE$70$8REF$916046$aORPH$bORPH$cKM12_1$d2021-08-24$g10.00$oREF2 GREE$p20131142$r2021-01-12 00:00:00$w2021-01-12$yBOO
=999  \\$d16040

