=LDR  01599aam a2200253   4500
=001  16042
=005  20250627143117.0
=008  120117s2000\\\\\\\g\\\\\\\\\\\\\\0beng\d
=020  \\$a9780521651592
=041  \\$aeng
=100  \\$aYouens, Susan$4aut$917884
=245  \\$aHugo Wolf and his Mörike Songs
=260  \\$aCambridge$bCambridge University Press$c2000
=300  \\$a203 pages
=520  \\$aViennese composer Hugo Wolf produced one of the most important song collections of the nineteenth century when he set to music fifty-three poems by the great German poet Eduard Mörike. Susan Youens reappraises this singular collaboration, examining selected Mörike songs in detail to shed new light on the sophisticated interplay between poetry and music. Although Wolf is known as "the Poet's Composer," someone who revered poetry and served it faithfully in his music, Youens reveals how his Mörike songs were also influenced by his own life, psychology and experiences.
=600  10$aWolf, Hugo$d1860-1903$1http://www.wikidata.org/entity/Q215747$926648
=600  \0$aMörike, Eduard$d1804-1875$1http://www.wikidata.org/entity/Q63699$925141
=648  \0$a19th Century (1801-1900)$1http://www.wikidata.org/entity/Q6955$920935
=650  \0$aSong$1http://www.wikidata.org/entity/Q7366$94164
=650  \0$aPoetry$1http://www.wikidata.org/entity/Q482$93026
=651  \0$aAustria$1http://www.wikidata.org/entity/Q40$9202
=942  \\$cBOO
=952  \\$00$10$2ddc$40$6BIO_WOLF4_E$70$8BIO$916048$aORPH$bORPH$cKTS1_P$d2021-10-26$g72.00$oBIO WOLF4 e$p20129881$r2021-01-12 00:00:00$w2021-01-12$yBOO
=999  \\$d16042

