=LDR  01980aam a2200229   4500
=001  16043
=005  20250120120411.0
=008  180921s1836\\\\\\\\\\\\\\\\\\\\\\0\fre
=041  \\$afre
=100  \\$4aut$aScribe, Eugène$d1791-1861$1http://www.wikidata.org/entity/Q319261$95460
=245  \\$aLes Huguenots.$bOpéra en cinq actes
=260  \\$aBrussels$bTrez, de$c1836
=300  \\$a93 pages
=520  \\$aLes Huguenots est un grand opéra en cinq actes et trois tableaux de Giacomo Meyerbeer, sur un livret en français dEugène Scribe et Émile Deschamps, créé le 29 février 1836 à lOpéra de Paris, salle Le Peletier, avec les plus grands chanteurs de lépoque : les sopranos Dorus-Gras et Falcon, le ténor Nourrit et la basse Levasseur, sous la direction de François-Antoine Habeneck.

Onzième opéra du compositeur et le deuxième écrit pour lOpéra de Paris (après le triomphe rencontré par Robert le Diable), il s'inspire des événements ayant conduit au massacre de la Saint-Barthélemy le 24 août 1572.

« Seul opéra de Meyerbeer à saccrocher au répertoire »1, Les Huguenots constitue le « prototype du grand opéra à la française » et connut « une gloire sans précédent »2, « offrant au public étonné un spectacle dramatique et musical sans précédent, sur un sujet non conventionnel, dont la modernité faisait alors tout lattrait »3.
=600  \0$aMeyerbeer, Giacomo$d1791-1864$1http://www.wikidata.org/entity/Q105237$96868
=610  \0$aOpéra-Comique (Paris, France)$1http://www.wikidata.org/entity/Q872222$920953
=648  \0$a19th Century (1801-1900)$1http://www.wikidata.org/entity/Q6955$920935
=650  \0$aLibretto$1http://www.wikidata.org/entity/Q131084$94031
=650  \0$aLibretto$1http://www.wikidata.org/entity/Q131084$94031
=942  \\$cBOO
=952  \\$00$10$2ddc$40$6KTS_1_000000000000000_C3_15_18$70$8RAR$916049$aORPH$bORPH$cKTS1_C3$d2021-09-08$oKTS1 C3.15 (18)$p20136418$r2021-01-12 00:00:00$w2021-01-12$yBOO
=999  \\$c16043$d16043

