=LDR  01089aam a2200193   4500
=001  16044
=005  20230123103507.0
=008  190226s2018\\\\\\\\\\\\\\\\\\\\\\0\n
=020  \\$a9789490521394
=041  \\$adut
=100  \\$4Auteur$aCotteleer, Anton$917886
=100  \\$4Hoofdredactie$aPas, Johan$917887
=245  \\$aDe huid van de sculptuur
=260  \\$aAntwerpen$bAntwerp Academy Art Press$c2018
=300  \\$a93
=520  \\$aIn dit boek onderzoekt kunstenaar Anton Cotteleer hoe de huid van een sculptuur de inhoud van het kunstwerk kan sturen, en omgekeerd. Zo wil hij meer vat krijgen op de mogelijke betekenissen van de huid. Hoe beïnvloedt de huid van het werk de vorm en inhoud van de sculptuur? Hij voerde gesprekken met zes collega-kunstenaars en zichzelf: Bart Van Dijck, Fia Cielen, Folkert de Jong, Peter Buggenhout, Peter Rogiers, en Tim Breukers. Het verslag van deze conversaties leest u hier.
=942  \\$cBOO
=952  \\$00$10$2ddc$40$6VIS_COTT$70$8COLL_UNK$916050$aORPH$bORPH$cLOC_UNK$d2021-01-12$l0$oVIS COTT$p20117955$r2021-01-12 00:00:00$w2021-01-12$yBOO
=999  \\$c16044$d16044

