=LDR  00531aam a2200157   4500
=001  16045
=005  20230123103507.0
=008  150521s1917\\\\\\\\\\\\\\\\\\\\\\0\d
=041  \\$ager
=100  \\$aTroeltsch, Ernst$4aut$917888
=245  \\$aHumanismus und nationalismus in unserem bildungswezen
=260  \\$aBerlin$bWeidmannsche buchhandlung$c1917
=300  \\$a42
=942  \\$cBOO
=952  \\$00$10$2ddc$40$6PHI_TROE_A$70$8PHI$916051$aORPH$bORPH$cKM12_3_2$d2021-08-05$oPHI TROE a$p20133057$r2021-01-12 00:00:00$w2021-01-12$yBOO
=999  \\$c16045$d16045

