=LDR  01351aam a2200241   4500
=001  16046
=005  20250925143303.0
=008  120127s2002\\\\\\\\\\\\\\\\\\\\\\0\eng
=020  \\$a9781591020325
=041  \\$aeng
=100  \\$aDewey, John$d1859-1952$4aut$1http://www.wikidata.org/entity/Q131805$917249
=245  \\$aHuman Nature and Conduct:$bAn Introduction to Social Psychology
=260  \\$aNew York$bPrometheus $c2002
=300  \\$a336 pages
=490  \\$aGreat Books on Philosophy Series
=520  \\$aInfluential work by the great educator/philosopher maintains that the key to social psychology lies in an understanding of the many varieties of habit; individual mental activity is guided by subordinate factors of impulse and intelligence. His investigation focuses on three main areas of conduct: habit, impulse, and intelligence, with each factor receiving an incisive treatment.
=648  \0$1http://www.wikidata.org/entity/Q6927$a20th Century (1901-2000)$920936
=650  \0$1http://www.wikidata.org/entity/Q5891$aPhilosophy$92357
=650  \0$1http://www.wikidata.org/entity/Q9418$aPsychology$922578
=651  \0$1http://www.wikidata.org/entity/Q30$aUSA$943
=942  \\$cBOO
=952  \\$00$10$2ddc$40$6PHI_DEWE_A$70$8PHI$916052$aORPH$bORPH$cKM12_3_2$d2021-08-03$g11.00$oPHI DEWE a$p20132951$r2021-01-12 00:00:00$w2021-01-12$yBOO
=999  \\$d16046

