=LDR  00834aam a2200181   4500
=001  16053
=005  20230123103508.0
=008  120308s2006\\\\\\\\\\\\\\\\\\\\\\0\n
=020  \\$a9789086870028
=041  \\$adut
=100  \\$aReynaert, Peter$4aut$917896
=245  \\$aHusserl: Een inleiding
=260  \\$aKepellen$bPelckmans$c2006
=300  \\$a160
=520  \\$aEdmund Husserl (1859-1938), grondlegger van de fenomenologie, is een van de sleutelfiguren in de evolutie van het moderne denken. De verschijning van zijn tweedelige Logische Untersuchungen bij de aanvang van de twintigste eeuw markeerde het begin van een nieuw filosofisch tijdperk.

=942  \\$cBOO
=952  \\$00$10$2ddc$40$6PHI_HUSS_B_REYN$70$8PHI$916060$aORPH$bORPH$cKM12_3_2$d2021-08-11$g16.95$oPHI HUSS b REYN$p20133749$r2021-01-12 00:00:00$w2021-01-12$yBOO
=999  \\$c16053$d16053

