=LDR  00565aam a2200157   4500
=001  16056
=005  20250120120124.0
=008  170213s1958\\\\\\\\\\\\\\\\\\\\\\0\ger
=041  \\$ager
=100  \\$4aut$aFollesdal, Dagfinn$917900
=245  \\$aHusserl und Frege:$bein Beitrag zur Beleuchtung der Entstehung der Phänomenologischen Philosophie
=260  \\$aOslo$bAschehoug$c1958
=300  \\$a60
=942  \\$cBOO
=952  \\$00$10$2ddc$40$6PHI_HUSS_B_FOLL$70$8PHI$916064$aORPH$bORPH$cKM12_3_2$d2021-08-12$oPHI HUSS b FOLL$p20133743$r2021-01-12 00:00:00$w2021-01-12$yBOO
=999  \\$d16056

