=LDR  01833aam a2200217   4500
=001  16063
=005  20250120120016.0
=008  150414s2005\\\\\\\\\\\\\\\\\\\\\\0\ger
=020  \\$a3883962120
=041  \\$ager
=100  \\$aHan, Byung-Chul$d1959-$4aut$1http://www.wikidata.org/entity/Q495875$915738
=245  \\$aHyperkulturalität:$bKultur und Globalisierung
=260  \\$aBerlin$bMerve$c2005
=300  \\$a82 pages
=490  \\$aInternationaler Merve Diskurs$v278
=520  \\$aDie Veränderungen, die der kulturelle Globalisierungsprozess bewirkt, erfordern einen neuen Kulturbegriff. Zunehmend lösen sich die kulturellen Ausdrucksformen von ihrem ursprünglichen Ort und zirkulieren in einem globalen Hyperraum der Kultur. Die Kultur wird zu einer Hyperkultur ent-ortet und entgrenzt. Hyperkulturalität reflektiert die Verfassung des heutigen In-der- Weltseins. Anhand einer Analyse von Phänomenen wie Ort, Weg, Schwelle, Fremdheit, Vernetzung, Aneignung und Identität wird gezeigt, inwiefern ein ganz anderes Sich-Orientieren in der Welt notwendig und möglich ist. -- Themen:Tourist im Hawaiihemd - Kultur als Heimat Hypertext und Hyperkultur - Eros der Vernetzung - Fusion Food - Hybridkultur - Hyphenisierung der Kultur - Zeitalter der Vergleichung - Entauratisierung der Kultur - Pilger und Tourist - Windows und Monaden - Odradek - Hyperkulturelle Identität - Inter-, Multi- und Transkulturalität - Aneignung - Zum langen Frieden - Kultur der Freundlichkeit - Hyperlog - Wanderer - Schwelle
=648  \0$a21st Century (2001-2100)$1http://www.wikidata.org/entity/Q6939$920812
=650  \0$aPhilosophy$1http://www.wikidata.org/entity/Q5891$92357
=942  \\$cBOO
=952  \\$00$10$2ddc$40$6PHI_HAN_A$70$8PHI$916070$aORPH$bORPH$cKM12_3_2$d2021-07-29$g7.00$oPHI HAN a$p20132788$r2021-01-12 00:00:00$w2021-01-12$yBOO
=999  \\$d16063

