=LDR  01995aam a2200181   4500
=001  16064
=005  20250120120117.0
=008  120312s2007\\\\\\\\\\\\\\\\\\\\\\0\eng
=020  \\$a9780465030798
=041  \\$aeng
=100  \\$aHofstadter, Douglas R.$4aut$917613
=245  \\$aI am a strange loop
=260  \\$aNew York, NY$bBasic Books$c2007
=300  \\$a412 pages
=520  \\$aWhat do we mean when we say "I"? Can thought arise out of matter? Can a self, a soul, a consciousness, an "I" arise out of mere matter? If it cannot, then how can you or I be here? I Am a Strange Loop argues that the key to understanding selves and consciousness is the "strange loop"--a special kind of abstract feedback loop inhabiting our brains. Deep down, a human brain is a chaotic seething soup of particles, on a higher level it is a jungle of neurons, and on a yet higher level it is a network of abstractions that we call "symbols." The most central and complex symbol in your brain or mine is the one we both call "I." The "I" is the nexus in our brain where the levels feed back into each other and flip causality upside down, with symbols seeming to have free will and to have gained the paradoxical ability to push particles around, rather than the reverse. For each human being, this "I" seems to be the realest thing in the world. But how can such a mysterious abstraction be real--or is our "I" merely a convenient fiction? Does an "I" exert genuine power over the particles in our brain, or is it helplessly pushed around by the all-powerful laws of physics? These are the mysteries tackled in I Am a Strange Loop, Douglas R. Hofstadter's first book-length journey into philosophy since Godel, Escher, Bach. Compulsively readable and endlessly thought-provoking, this is the book Hofstadter's many readers have long been waiting for.
=942  \\$cBOO
=952  \\$00$10$2ddc$40$6PHI_HOFS_A$70$8PHI$916071$aORPH$bORPH$cKM12_3_2$d2021-08-09$oPHI HOFS a$p20133296$r2021-01-12 00:00:00$w2021-01-12$yBOO
=999  \\$d16064

