=LDR  01413aam a2200193   4500
=001  16065
=005  20250120120124.0
=008  120716s2003\\\\\\\\\\\\\\\\\\\\\\0\f
=020  \\$a9782858940141
=041  \\$afre
=100  \\$4aut$aSerrou, Bruno$917903
=100  \\$4Preface$aSamuel, Claude$917904
=245  \\$aIannis Xenakis : l'homme des défis
=260  \\$aParis$bCig'Art$c2003
=300  \\$a113
=520  \\$aIannis Xenakis est l'une des figures emblématiques de la musique de la seconde moitié du xxe siècle. Ayant vécu et s'étant exprimé parallèlement aux créateurs de l'avant-garde dont il a été l'un des observateurs privilégiés tout en restant distant, il marque son siècle de son empreinte par son originalité et sa puissante personnalité. Penseur, théoricien, chercheur, sa quête incessante de savoir na été forgée que pour son propre usage et celui de sa musique, et s'il eut quantité d'élèves ce n'est pas pour avoir des disciples et constituer une école mais parce qu'il aimait à faire partager son expérience au plus grand nombre. Le présent ouvrage, qui révèlera peut-être un Xenakis méconnu, est l'un des tout derniers entretiens que le compositeur ait accordés à un journaliste.
=942  \\$cBOO
=952  \\$00$10$2ddc$40$6BIO_XENA_B$70$8BIO$916072$aORPH$bORPH$cKTS1_P$d2021-10-19$g14.00$oBIO XENA b$p20129767$r2021-01-12 00:00:00$w2021-01-12$yBOO$VFNAC
=999  \\$c16065$d16065

