=LDR  01284aam a2200181   4500
=001  16079
=005  20250120120125.0
=008  120111s2003\\\\\\\\\\\\\\\\\\\\\\0\e
=020  \\$a019280281X
=041  \\$aeng
=100  \\$aFreeden, Michael$4aut$917918
=245  \\$aIdeology: A very short instroduction
=260  \\$aOxford$bOxford university press$c2003
=300  \\$a142
=520  \\$aIdeology is one of the most controversial terms in the political vocabulary, exciting both revulsion and inspiration. This book examines the reasons for those views, and explains why ideologies deserve respect as a major form of political thinking. It investigates the centrality of ideology both as a political phenomenon and as an organizing framework of political thought and action. It explores the changing understandings of ideology as a concept, and the arguments of the main ideologies. By employing the latest insights from a range of disciplines, the reader is introduced to the vitality and force of a crucial resource at the disposal of societies, through which sense and purpose is assigned to the political world.
=942  \\$cBOO
=952  \\$00$10$2ddc$40$6PHI_FREE_A$70$8PHI$916086$aORPH$bORPH$cKM12_3_2$d2021-08-09$oPHI FREE a$p20133429$r2021-01-12 00:00:00$w2021-01-12$yBOO
=999  \\$c16079$d16079

