=LDR  00850aam a2200181   4500
=001  16087
=005  20250120120125.0
=008  120228s2009\\\\\\\\\\\\\\\\\\\\\\0\n
=020  \\$a9789028420045
=041  \\$adut
=100  \\$aDamasio, Antonio R.$4aut$917922
=245  \\$aIk voel dus ik ben: Hoe gevoel en lichaam ons bewustzijn vormen
=260  \\$aAmsterdam$bWereldbibliotheek$c2009
=300  \\$a392
=520  \\$aIn dit ambitieuze en vlot leesbare boek schetst Antonio R. Damasio zijn briljante en toetsbare hypothesen over de mechanismen van het menselijk bewustzijn en benadrukt hij het grote belang van natuurlijke selectie en evolutie voor zijn theorie van de geest
=942  \\$cBOO
=952  \\$00$10$2ddc$40$6PHI_DAMA_A$70$8PHI$916095$aORPH$bORPH$cKM12_3_2$d2021-08-11$g15.00$oPHI DAMA a$p20133646$r2021-01-12 00:00:00$w2021-01-12$yBOO
=999  \\$c16087$d16087

