=LDR  01145aam a2200241   4500
=001  16092
=005  20250121142131.0
=008  150925s2015\\\\\\\agc\\\\\\\\\\\\0bita\d
=020  \\$a9788894100709
=041  \\$aita
=100  \\$aBecheri, Roberto$4aut$917928
=245  \\$aIl giovane Cherubini:$bNote sull'apprendistato di un compositore europeo
=260  \\$aFlorence$bConservatorio di musica "Luigi Cherubini"$c2015
=300  \\$a215
=600  \0$aCherubini, Luigi$d1760-1842$1http://www.wikidata.org/entity/Q20721$95392
=648  \0$a18th Century (1701-1800)$1http://www.wikidata.org/entity/Q7015$920899
=650  \0$aComposer$1http://www.wikidata.org/entity/Q36834$93625
=650  \0$aBiography$1http://www.wikidata.org/entity/Q36279$91927
=651  \0$aItaly$1http://www.wikidata.org/entity/Q38$922
=942  \\$cBOO
=952  \\$00$10$2ddc$40$6BIO_CHER1_E$70$8BIO$916100$aORPH$bORPH$cKTS1_P$d2022-09-01$oBIO CHER1 e$p20129661$r2021-01-12 00:00:00$w2021-01-12$yBOO
=952  \\$00$10$2ddc$40$6BIO_CHER1_B_RESERVE$70$8REF$916101$aORPH$bORPH$cKM12_1$d2022-09-01$l0$oBIO CHER1 b (Reserve)$p20131100$r2021-01-12 00:00:00$w2021-01-12$yBOO
=999  \\$d16092

