=LDR  00654aam a2200169   4500
=001  16140
=005  20250120120126.0
=008  170824s1905\\\\\\\\\\\\\\\\\\\\\\0\f
=041  \\$af
=100  \\$4Compositeur$aGiordano, Umberto$d1867-1948$1http://www.wikidata.org/entity/Q294826$918003
=100  \\$4Compositeur$aMascagni, Pietro$d1863-1945$1http://www.wikidata.org/entity/Q181894$918004
=245  \\$aL'illustration: Siberia + Amica
=260  \\$bGabriel Pierné$c1905
=490  \\$aL'illustration: supplément musical$vN°4
=942  \\$cSCO
=952  \\$00$10$40$70$8SCO$916150$aORPH$bORPH$cKTS1_P$d2021-01-12$l0$r2021-01-12 00:00:00$w2021-01-12$ySCO
=999  \\$c16140$d16140

