=LDR  00649aam a2200169   4500
=001  16142
=005  20250818145058.0
=008  170823s1908\\\\\\\\\\\\\\\\\\\\\\0\f
=041  \\$af
=100  \\$4Compositeur$aRimsky-Korsakov, Nikolai$d1844-1908$918008
=100  1\$4Compositeur$aMussorgsky, Modest Petrovich$d1839-1881$1http://www.wikidata.org/entity/Q132682$918009
=245  \\$aL'illustration: Snégourotchka + Boris Goudonow
=260  \\$bGabriel Pierné$c1908
=490  \\$aL'illustration: supplément musical$vN°3
=942  \\$cSCO
=952  \\$00$10$40$70$8SCO$916152$aORPH$bORPH$cKTS1_P$d2021-01-12$l0$r2021-01-12 00:00:00$w2021-01-12$ySCO
=999  \\$c16142$d16142

