=LDR  01183aam a2200181   4500
=001  16152
=005  20230123103527.0
=008  120117s1998\\\\\\\\\\\\\\\\\\\\\\0\eng
=020  \\$a0750707062
=041  \\$aeng
=100  \\$4edt$aProsser, Jon$918026
=245  \\$aImage-based research: A sourcebook for qualitive researchers
=260  \\$aLondon$bRoutledge$c1998
=300  \\$a318 pages
=520  \\$aJust what is a picture worth? Qualitative research is dominated by language. However, researchers have recently shown a growing interest in adopting an image-based approach. This is the first volume dedicated to exploring this approach and will prove an invaluable sourcebook for researchers in the field. The book covers a broad scope, including theory and the research process; and provides practical examples of how image-based research is applied in the field. It discusses use of images in child abuse investigation; exploring children's drawings in health education; cartoons; the media and teachers.
=942  \\$cBOO
=952  \\$00$10$2ddc$40$6REF_2_000000000000000_PROS$70$8REF$916162$aORPH$bORPH$cKM12_1$d2021-08-24$oREF2 PROS$p20131196$r2021-01-12 00:00:00$w2021-01-12$yBOO
=999  \\$d16152

