=LDR  01853aam a2200205   4500
=001  16153
=005  20251001162234.0
=008  161205s1995\\\\\\\\\\\\\\\\\\\\\\0\eng
=020  \\$a9780198237921
=041  \\$aeng
=100  \\$aJanaway, Christopher$4aut$918027
=245  \\$aImages of Excellence:$bPlato's Critique of the Arts
=260  \\$aOxford$bOxford University Press$c1995
=300  \\$a226 pages
=520  \\$aThe book is an examination of Plato's philosophy of art. Central to the book are Plato's arguments in the Republic that traditionally accepted forms of poetry, drama, and music are of questionable value, on the grounds that they do not arise from knowledge on the part of artists, and that they can be harmful because they appeal to the emotional side of the psyche. The book suggests that Plato has a better case for his views than has often been claimed, given the context of his ethics and epistemology, and that his views challenge much of what is accepted as good art in modern thought. To understand Plato's position, his views on inspiration, craft expertise (techne), beauty, moral education, and representation (mimesis) are examined through the discussion of a number of his early and middleperiod dialogues. It is argued that Plato's later writings do not significantly retract the critical views of the arts found in the Republic. Throughout, links are made with recent philosophical aesthetics, and the question posed is what defence of art modern thinking can or should make against Plato.
=600  \0$aPlato$d428/427-348/347 BC $1http://www.wikidata.org/entity/Q859$913315
=650  \0$aAesthetics$1http://www.wikidata.org/entity/Q35986$921494
=942  \\$cBOO
=952  \\$00$10$2ddc$40$6PHI_PLAT_B_JANA$70$8PHI$916163$aORPH$bORPH$cKM12_3_2$d2021-08-02$oPHI PLAT b JANA$p20132852$r2021-01-12 00:00:00$w2021-01-12$yBOO
=999  \\$d16153

