=LDR  01336aam a2200181   4500
=001  16154
=005  20230123103527.0
=008  111121s1996\\\\\\\\\\\\\\\\\\\\\\0\e
=020  \\$a9781574670684
=041  \\$aeng
=100  \\$aRoberts, Paul$4aut$918028
=245  \\$aImages: The piano music of Claude Debussy
=260  \\$aPortland, Oregon$bAmadeus Press$c1996
=300  \\$a372
=520  \\$aParis at the turn of the 20th century was obsessed with the interrelations of the arts. It was a time when artists and writers spoke of poetry as music, sounds as colors, and paintings as symphonies. The music of Claude Debussy, with its unique textures and dazzling colors, was the perfect counterpart to the bold new styles of painting in France. Paul Roberts probes the sources of Debussy's artistic inspiration, relating the "impressionist" titles to the artistic and literary ferment of the time. He also draws on his own performing experience to touch on all the principal technical problems for a performer of Debussy's piano music. His many suggestions about interpreting the music will be particularly valuable to performers as well as listeners.
=942  \\$cBOO
=952  \\$00$10$2ddc$40$6BIO_DEBU_E$70$8BIO$916164$aORPH$bORPH$cKTS1_P$d2021-10-19$g17.00$oBIO DEBU e$p20129718$r2021-01-12 00:00:00$w2021-01-12$yBOO$Vamazon.co.uk
=999  \\$c16154$d16154

