=LDR  01586aam a2200277   4500
=001  16156
=005  20250925143303.0
=008  120328s2004\\\\\\\\\\\\\\\\\\\\\\0\eng
=020  \\$a9780415287555
=041  \\$aeng$hfre
=100  \\$4aut$aSartre, Jean-Paul$d1905-1980$1http://www.wikidata.org/entity/Q9364$916191
=245  \\$aThe Imaginary :$bA Phenomenological Psychology of the Imagination
=260  \\$aLondon$bRoutledge$c2004
=300  \\$a208 pages
=520  \\$aFirst published in 1940, Sartre's "The Imaginary" is a cornerstone of his philosophy. Sartre had become acquainted with the philosophy of Edmund Husserl in Berlin and was fascinated by his idea of the "intentionality of consciousness" as a key to the puzzle of existence. 
Against this background, "The Imaginary" crystallized Sartre's worldview and artistic vision. Here he presented the first
=534  \\$aOriginally published in 1940
=600  \0$aHusserl, Edmund$d1859-1938$1http://www.wikidata.org/entity/Q58586$916437
=648  \0$a20th Century (1901-2000)$1http://www.wikidata.org/entity/Q6927$920936
=650  \0$aPhilosophy$1http://www.wikidata.org/entity/Q5891$92357
=650  \0$aImagination$1http://www.wikidata.org/entity/Q34516$92945
=651  \0$aFrance$1http://www.wikidata.org/entity/Q142$9131
=700  \\$4trl$918029$aWebber, Jonathan
=765  \\$aL'Imaginaire : Psychologie phénoménologique de l'imagination 
=942  \\$cBOO
=952  \\$00$10$2ddc$40$6PHI_SART_A$70$8PHI$916166$aORPH$bORPH$cKM12_3_2$d2021-08-10$g12.00$oPHI SART a$p20133487$r2021-01-12 00:00:00$w2021-01-12$yBOO
=999  \\$d16156

