=LDR  02387aam a2200205   4500
=001  16158
=005  20251001162313.0
=008  130322s2007\\\\\\\\\\\\\\\\\\\\\\0\eng\d
=020  \\$a9780195324785
=041  \\$aeng
=100  \\$aGoehr, Lydia$4aut$917049
=245  \\$aThe Imaginary Museum of Musical Works:$bAn Essay in the Philosophy of Music
=250  \\$aRev. ed.
=260  \\$aNew York$bOxford University Press$c2007
=300  \\$a314 pages
=520  \\$aWhat is involved in the composition, performance, and reception of classical music? What are we doing when we listen to this music seriously? Why when playing a Beethoven sonata do performers begin with the first note indicated in the score; why don't they feel free to improvise around the sonata's central theme? Why, finally, does it go against tradition for an audience at a concert of classical music to tap its feet? Bound up in these questions is the overriding question of what it means philosophically, musically, and historically for musicians to speak about music in terms of "works". In this book, Lydia Goehr describes how the concept of a musical work fully crystallized around 1800, and subsequently defined the norms, expectations, and behavioral patterns that have come to characterize classical musical practice. The description is set in the context of a more general philosophical account of the rise and fall of concepts and ideals, and of their normative functions; at the same time, debates amongst conductors, early-music performers, and avant-gardists are addressed. The Imaginary Museum of Musical Works is a seminal work of scholarship, and has appeared in an astonishing variety of contexts and disciplines from musicological and philosophical since its initial publication. This second edition features a new Introductory Essay by the author, discussing the genesis of her groundbreaking thesis, how her subsequent work has followed and developed similar themes, and how criticisms along the way have informed not only her own work but the "Imaginary Museum" concept more generally as it spread across disciplinary lines.
=650  \0$aMusic philosophy and aesthetics$1http://www.wikidata.org/entity/Q2092865$921165
=942  \\$cBOO
=952  \\$00$10$2ddc$40$6AES_GOEH$70$8AES$916169$aORPH$bORPH$cKM12_1$d2014-03-20$g27.70$l0$oAES GOEH$p20132450$r2021-01-12 00:00:00$w2021-01-12$yBOO$Vamazon.com
=999  \\$d16158

