=LDR  00506aam a2200157   4500
=001  16162
=005  20230123103528.0
=008  130123s1970\\\\\\\\\\\\\\\\\\\\\\0\f
=041  \\$afre
=100  \\$aSaraiva, Maria$4aut$918032
=245  \\$aL'imagination selon Husserl
=260  \\$aLa Haye$bMartinus Nijhoff$c1970
=300  \\$a280
=942  \\$cBOO
=952  \\$00$10$2ddc$40$6PHI_HUSS_B_SARA$70$8PHI$916173$aORPH$bORPH$cKM12_3_2$d2021-08-11$oPHI HUSS b SARA$p20133739$r2021-01-12 00:00:00$w2021-01-12$yBOO
=999  \\$c16162$d16162

