=LDR  01564aam a2200181   4500
=001  16163
=005  20230123103528.0
=008  170213s1964\\\\\\\\\\\\\\\\\\\\\\0\f
=041  \\$afre
=100  \\$aDurand, Gilbert$4aut$918033
=245  \\$al'Imagination symbolique
=260  \\$aParis$bPresses Universitaires de France$c1964
=300  \\$a128
=520  \\$aLa conscience dispose de deux manières pour se représenter le monde. Lune directe, dans laquelle la chose elle-même semble présente à lesprit, comme dans la perception ou la simple sensation. Lautre indirecte lorsque, pour une raison ou pour une autre, la chose ne peut se présenter en chair et en os à la sensibilité, comme par exemple dans le souvenir de notre enfance, dans limagination des paysages de la planète Mars, dans lintelligence de la ronde des électrons autour du noyau atomique ou dans la représentation dun au-delà de la mort. Dans tous ces cas de conscience indirecte, lobjet absent est re-présenté à la conscience par une image, au sens très large de ce terme.
Véritable initiation philosophique, cet ouvrage explore le « fait » symbolique à travers une étude de la place du symbole dans la pensée occidentale et du conflit de la Raison et de lImage. En envisageant une science et une sagesse nouvelles, il étudie les fonctions philosophiques du symbolisme.
=490  \\$aInitiation philosophique
=942  \\$cBOO
=952  \\$00$10$2ddc$40$6PHI_DURA_A$70$8PHI$916174$aORPH$bORPH$cKM12_3_2$d2021-08-05$oPHI DURA a$p20133106$r2021-01-12 00:00:00$w2021-01-12$yBOO
=999  \\$c16163$d16163

