=LDR  00801aam a2200169   4500
=001  16166
=005  20250120120127.0
=008  180307s2017\\\\\\\\\\\\\\\\\\\\\\0\eng
=041  \\$aeng
=100  \\$aKyriakides, Yannis$4aut$918036
=245  \\$aImagined voices: a poetics of music-text-film
=260  \\$aLeiden$bLeiden University$c2017
=300  \\$a283 pages
=520  \\$aProefschrift ter verkrijging van de graag van Doctor aan de Universiteit Leiden, op gezag van Rector Magnificus prof. mr. C.J.J.M. Stolker, volgens het besluit van het College voor Promoties te verdedigen op donderdag 21 december 2017 klokke 15:00 uur.
=942  \\$cDIS
=952  \\$00$10$2ddc$40$6MPT_5_000000000000000_KYRI$70$8MTP$916177$aORPH$bORPH$cKM12_1$d2021-08-31$oMPT5 KYRI$p20131367$r2021-01-12 00:00:00$w2021-01-12$yDIS
=999  \\$d16166

