=LDR  00950aam a2200181   4500
=001  16168
=005  20250120120125.0
=008  150701s2011\\\\\\\\\\\\\\\\\\\\\\0\dut
=041  \\$adut
=100  \\$aSwerts, Piet$4aut$917915
=245  \\$aImitatio et Aemulatio.$bDe L'homme armé-traditie in heden en verleden als inspiratiebron voor een vernieuwde toonspraak, renaissance van de polyfonie?$n1-2/2
=260  \\$aLeuven$bUniversiteit Leuven$c2011
=300  \\$a2 vols (293+179 pages)
=520  \\$aProefschrift aangeboden tot het behalen van de graad van Doctor in de Kunsten, KU Leuven 2011
=942  \\$cDIS
=952  \\$00$10$2ddc$3vol.2 bijlagen$40$6MTP_5_000000000000000_SWER$70$8MTP$916179$aORPH$bORPH$cKM12_1$d2021-08-31$oMTP5 SWER$p20131387$r2021-01-12 00:00:00$w2021-01-12$yDIS
=952  \\$00$10$2ddc$3vol.1$40$6MTP_5_000000000000000_SWER$70$8MTP$916180$aORPH$bORPH$cKM12_1$d2021-08-31$oMTP5 SWER$p20131388$r2021-01-12 00:00:00$w2021-01-12$yDIS
=999  \\$d16168

