=LDR  01752aam a2200193   4500
=001  16170
=005  20251009081720.0
=008  180607s2017\\\\\\\\\\\\\\\\\\\\\\0\i
=020  \\$a9788898367313
=041  \\$ai
=100  \\$4edt$aAmato, Pierandrea$918039
=245  \\$al'Immagine carnefice
=260  \\$aNapooli$bCronopioA$c2017
=300  \\$a202
=520  \\$aDa oltre un quarto di secolo, almeno dalla prima guerra in Iraq nel 1991, con l'apice dell'attentato alle Torri gemelle dell'11/9/2001 e la diffusione nel 2004 delle fotografie del penitenziario di Abu Ghraib, siamo entrati palesemente in una nuova era, nella quale qualsiasi evento politico degno di nota presenta innanzitutto una formidabile carica estetica, convalidando la preziosa tesi di Walter Benjamin: le immagini sono il campo di battaglia fondamentale dei conflitti nel mondo contemporaneo. Il volume, a cura di Pierandrea Amato, muove da questa costellazione - il cui esito più trasparente appare un generale "divenire digitale" delle nostre esistenze - per esplorarne i tratti inediti, facendo ricorso al pensiero filosofico, artistico, psicoanalitico e politico. A tal fine, i saggi qui pubblicati prendono in considerazione l'opera, tra l'altro, di Barthes, Baudrillard, Bazin, Benjamin, Debord, Deleuze, Fanon, Foucault, Grousin, Lacan, Nietzsche, Zizek; analizzano, inoltre, alcuni film recenti (ad esempio, Redacted di Brian De Palma e Zero Dark Thirty di Karen Bigelow) e l'ambizione 'estetico-politica' di alcune fortunate serie tv (ad esempio, Black mirror).
=490  \\$aQuaderni dell'espressione
=942  \\$cBOO
=952  \\$00$10$2ddc$40$6PHI_AMAT_A$70$8PHI$916181$aORPH$bORPH$cKM12_3_2$d2021-08-05$oPHI AMAT a$p20133083$r2021-01-12 00:00:00$w2021-01-12$yBOO
=999  \\$c16170$d16170

