=LDR  00505aam a2200169   4500
=001  16174
=005  20230123103529.0
=008  150521s1921\\\\\\\\\\\\\\\\\\\\\\0\d
=041  \\$ager
=100  \\$aRülpe, D.$4aut$918042
=245  \\$aImmanuel Kant
=260  \\$aLeipzig, Berlin$bLeubner$c1921
=250  \\$a5
=300  \\$a124
=942  \\$cBOO
=952  \\$00$10$2ddc$40$6PHI_KANT_B_RULP$70$8PHI$916185$aORPH$bORPH$cKM12_3_2$d2021-08-04$oPHI KANT b RULP$p20132979$r2021-01-12 00:00:00$w2021-01-12$yBOO
=999  \\$c16174$d16174

