=LDR  00632aam a2200169   4500
=001  16182
=005  20230123103530.0
=008  131210s1983\\\\\\\\\\\\\\\\\\\\\\0\e
=020  \\$a9780691102276
=041  \\$aeng
=100  \\$aStock, Brian$4aut$918050
=245  \\$aThe Implications of Literacy$bWritten Language and Models of Interpretation in the Eleventh and Twelfth Centuries
=260  \\$aPrinceton$bPrinceton University Press$c1983
=300  \\$a604 p.
=942  \\$cBOO
=952  \\$00$10$2ddc$40$6LIT_STOC_A$70$8LIT$916193$aORPH$bORPH$cKM12_2_H$d2021-08-30$g49.46$oLIT STOC a$p20136004$r2021-01-12 00:00:00$w2021-01-12$yBOO
=999  \\$c16182$d16182

