=LDR  00748aam a2200169   4500
=001  16184
=005  20250120120127.0
=008  170116s1913\\\\\\\\\\\\\\\\\\\\\\0\f
=041  \\$af
=100  \\$aVleeshouwer, Albert De$4aut$918051
=245  \\$aImpressions de voyage
=260  \\$aGhent$bImprimerie V. Van Doosselaere$c1913
=300  \\$a220
=520  \\$aL'auteur Albert de Vleeshouwer, 1863-1913, était un compositeur à Anvers (Belgique). Cet ouvrage contient le journal de ses voyages 'artistiques' en Europe, avec ses impressions sur la vie artistique, littéraire et musicale
=942  \\$cBOO
=952  \\$00$10$2ddc$40$6BIO_VLEE_A$70$8BIO$916195$aORPH$bORPH$cKTS1_P$d2021-10-26$oBIO VLEE a$p20130117$r2021-01-12 00:00:00$w2021-01-12$yBOO
=999  \\$c16184$d16184

