=LDR  01413aam a2200217   4500
=001  16187
=005  20250120120200.0
=008  140305s1992\\\\\\\\\\\\\\\\\\\\\\0\eng
=020  \\$a9780306805288
=041  \\$aeng
=100  \\$aBailey, Derek$4aut$918053
=245  \\$aImprovisation: Its Nature and Practice in Music
=250  \\$aRev. ed.
=260  \\$aBoston, MA$bDa Capo$c1992
=300  \\$a146 pages
=520  \\$aDerek Bailey's Improvisation, originally published in 1980, and here updated and extended with new interviews and photographs, is the first book to deal with the nature of improvisation in all its formsIndian music, flamenco, baroque, organ music, rock, jazz, contemporary, and free music. By drawing on conversations with some of todays seminal improvisersincluding John Zorn, Jerry Garcia, Steve Howe, Steve Lacy, Lionel Salter, Earle Brown, Paco Peña, Max Roach, Evan Parker, and Ronnie ScottBailey offers a clear-eyed view of the breathtaking spectrum of possibilities inherent in improvisational practice, while underpinning its importance as the basis for all music-making.
=534  \\$aOriginally published in 1980
=650  \0$aImprovisation$1http://www.wikidata.org/entity/Q1049625$93640
=942  \\$cBOO
=952  \\$00$10$2ddc$40$6MTP_2_000000000000000_BAIL$70$8COLL_UNK$916198$aORPH$bORPH$cLOC_UNK$d2022-09-08$g12.00$l0$oMTP2 BAIL$p20114466$r2021-01-12 00:00:00$w2021-01-12$yBOO
=999  \\$d16187

