=LDR  02241aam a2200289   4500
=001  16190
=005  20250120120200.0
=008  190314s2014\\\\\\\\\\\\\\\\\\\\\\0\eng
=020  \\$a9789058679970
=041  \\$aeng
=100  \\$4edt$aMoelants, Dirk$918056
=245  \\$aImprovising Early Music:$bThe History of Musical Improvisation from the Late Middle Ages to the Early Baroque
=260  \\$aLeuven$bLeuven University Press$c2014
=300  \\$a133 pages
=490  \\$aCollective writings of the Orpheus Institute$v11
=520  \\$aStudying improvised music is always a challenge, due to its volatility and unpredictability. But what about studying musical improvisation from before the age of sound recordings? In this book three experts give their view on aspects of musical improvisation in the late medieval, renaissance, and early baroque periods. Historical sources show us how improvisation was an integral part of music education and how closely improvisation and composition were linked. This gives new insights into the way music was played in its original historical context and a new way to look at written scores from the past.
Improvising Early Music will appeal to anyone interested in the historical background of our written musical heritage, and to musicians who want to gain a deeper insight in the way this music was created.

Contributors

Johannes Menke (Schola Cantorum Basiliensis, Basel), Peter Schubert (Schulich School of Music, McGill University, Montreal), Rob C. Wegman (Princeton University)
=648  \0$aMiddle Ages (500-1400)$1http://www.wikidata.org/entity/Q12554$920964
=648  \0$aRenaissance (1400-1600)$1http://www.wikidata.org/entity/Q4692$920965
=648  \0$a17th Century (1601-1700)$1http://www.wikidata.org/entity/Q7016$920923
=650  \0$aEarly music$1http://www.wikidata.org/entity/Q436016$93160
=650  \0$aImprovisation$1http://www.wikidata.org/entity/Q1049625$93640
=700  \\$4ctb$aWegman, Rob C.$915429
=700  \\$4ctb$aMenke, Johannes$918057
=700  \\$4ctb$aSchubert, Peter$918058
=942  \\$cBOO
=952  \\$00$10$2ddc$40$6MTP_2_000000000000000_MOEL$70$8MTP$916201$aORPH$bORPH$cKM12_1$d2022-09-08$l0$oMTP2 MOEL$p20135545$r2021-01-12 00:00:00$w2021-01-12$yBOO
=999  \\$d16190

