=LDR  00994aam a2200181   4500
=001  16213
=005  20230123102219.0
=008  180307s2017\\\\\\\\\\\\\\\\\\\\\\0\eng
=041  \\$aeng
=100  \\$aVanmaele, Joost$4aut$916724
=245  \\$aThe informed performer: towards a bio-culturally informed performers' practice
=260  \\$aLeiden$bLeiden University$c2017
=300  \\$a444 pages
=520  \\$aProefschrift ter verkrijging van de graag van Doctor aan de Universiteit Leiden, op gezag van Rector Magnificus prof. mr. C.J.J.M. Stolker, volgens het besluit van het College voor Promoties te verdedigen op donderdag 20 december 2017 klokke 13:45 uur.
=942  \\$cDIS
=952  \\$00$10$2ddc$40$6MTP_5_000000000000000_VANM$70$8MTP$916224$aORPH$bORPH$cKM12_1$d2021-08-31$oMTP5 VANM$p20131411$r2021-01-12 00:00:00$w2021-01-12$yDIS
=952  \\$00$10$2ddc$40$6MPT_5_000000000000000_VANM$70$8MTP$916225$aORPH$bORPH$cKM12_1$d2021-08-31$oMPT5 VANM$p20131410$r2021-01-12 00:00:00$w2021-01-12$yDIS
=999  \\$d16213

