=LDR  01470aam a2200253   4500
=001  16216
=005  20250925143303.0
=008  120307s1988\\\\\\\\\\\\\\\\\\\\\\0\fre
=020  \\$a9782718603308
=041  \\$afre
=100  \\$aLyotard, Jean-François$d1924-1998$4aut$916628
=245  \\$aL'inhumain:$bCauseries sur le temps
=260  \\$aParis$bGalilée$c1988
=300  \\$a217 pages
=520  \\$aRecueil de "causeries " pour la plupart destinées à un large public. Quelques prolongements à l'idée de post-moderne. Les humains emportés dans un développement inhumain, qu'on n'ose plus appeler le progrès. La disparition d'une alternative humaine, politique et philosophique, à ce processus. Seule possible encore, une résistance, appuyée sur l'autre inhumain : la dépossession de soi qui sommeille en chacun, son enfance indomptable. Banalité écrasante,
=648  \0$a20th Century (1901-2000)$1http://www.wikidata.org/entity/Q6927$920936
=650  \0$aPhilosophy$1http://www.wikidata.org/entity/Q5891$92357
=650  \0$aAvant-garde$1http://www.wikidata.org/entity/Q102932$921178
=650  \0$aPostmodernism$1http://www.wikidata.org/entity/Q47783$923399
=650  \0$aTime$1http://www.wikidata.org/entity/Q11471$93353
=651  \0$aFrance$1http://www.wikidata.org/entity/Q142$9131
=942  \\$cBOO
=952  \\$00$10$2ddc$40$6PHI_LYOT_A$70$8PHI$916228$aORPH$bORPH$cKM12_3_2$d2021-08-02$oPHI LYOT a$p20132833$r2021-01-12 00:00:00$w2021-01-12$yBOO
=999  \\$d16216

