=LDR  01453aam a2200301   4500
=001  16217
=005  20250925143303.0
=008  120307s1992\\\\\\\\\\\\\\\\\\\\\\0\eng
=020  \\$a978-0804720083
=041  \\$aeng$hfre
=100  \\$aLyotard, Jean-François$d1924-1998$4aut$916628
=245  \\$aThe Inhuman:$bReflections on Time
=260  \\$aCalifornia, CA$bStanford University Press$c1992
=300  \\$a216 pages
=520  \\$aIn this collection of 17 essays, all written or presented between 1980 and 1989, Lyotard addresses a variety of topics related to the transition from modernity to postmodernity.
=534  \\$aOriginally published in 1988
=648  \0$a20th Century (1901-2000)$1http://www.wikidata.org/entity/Q6927$920936
=650  \0$aPhilosophy$1http://www.wikidata.org/entity/Q5891$92357
=650  \0$aAvant-garde$1http://www.wikidata.org/entity/Q102932$921178
=650  \0$aPostmodernism$1http://www.wikidata.org/entity/Q47783$923399
=650  \0$aTime$1http://www.wikidata.org/entity/Q11471$93353
=651  \0$aFrance$1http://www.wikidata.org/entity/Q142$9131
=700  \\$aBennington, Geoffrey$1http://www.wikidata.org/entity/Q1483332$4trl$922568
=700  \\$aBowlby, Rachel$4trl$926925
=765  \\$aL'inhumain : Causeries sur le temps
=942  \\$cBOO
=952  \\$00$10$2ddc$40$6PHI_LYOT_A$70$8PHI$916229$aORPH$bORPH$cKM12_3_2$d2021-08-02$l1$oPHI LYOT a$p20132832$r2024-01-03 00:00:00$s2023-02-04$w2021-01-12$yBOO
=999  \\$d16217

