=LDR  01526aam a2200241   4500
=001  16218
=005  20250925143303.0
=008  150521s1928\\\\\\\\\\\\\\\\\\\\\\0\dut
=041  \\$adut$hfre
=100  \\$4aut$aBergson, Henri$d1859-1941$1http://www.wikidata.org/entity/Q42156$917172
=245  \\$aInleiding tot de metaphysica
=260  \\$aThe Hague$bLeopold$c1928
=300  \\$a97
=520  \\$aMet zijn Introduction á la métaphysique uit 1903 presenteert de Franse filosoof Henri Bergson (1859-1940) een kennistheoretisch hecht, gefundeerde, metafysica, die nog steeds modern genoemd mag worden. Bergson ziet de wereld niet als optelsom van waargenomen objecten. Deze weerspiegelen slechts een bepaald gezichtspunt van waaruit de Werkelijkheid gefixeerd wordt. Bergson nodigt uit achter al de gefixeerde beelden de werkelijkheid zelf als proces te denken. Zijn filosofie benadrukt de noodzaak om de vaak uit het oog verloren samenhang tussen intuïtieve en intellectuele kennis te herstellen.
=534  \\$aOriginally published in 1903
=648  \0$a20th Century (1901-2000)$1http://www.wikidata.org/entity/Q6927$920936
=650  \0$aPhilosophy$1http://www.wikidata.org/entity/Q5891$92357
=650  \0$aPhenomenology$1http://www.wikidata.org/entity/Q179235$920894
=700  \\$4adp$aVloemans, Antoon$918072
=765  \\$aIntroduction à la métaphysique
=942  \\$cBOO
=952  \\$00$10$2ddc$40$6PHI_BERG_A$70$8PHI$916230$aORPH$bORPH$cKM12_3_2$d2021-08-23$oPHI BERG a$r2021-01-12 00:00:00$w2021-01-12$yBOO
=999  \\$c16218$d16218

