=LDR  01130aam a2200217   4500
=001  16226
=005  20250120120127.0
=008  190514s2004\\\\\\\\\\\\\\\\\\\\\\0\e
=020  \\$a9780865974289
=041  \\$aeng
=100  \\$4Author$aHutcheson, Francis$918075
=100  \\$4Editor$aLeidhold, Wolfgang$918076
=100  \\$4General editor$aHaaknossen, Knud$918077
=245  \\$aAn inquiry into the original of our ideas of beauty and virtue
=260  \\$aIndianapolis$bLiberty fund$c2004
=300  \\$a258
=520  \\$aThis work contains two treatises: concerning beauty, order, harmony, design, and concerning moral good and evil. There is no part of philosophy of more importance than a just knowledge of human nature and its various powers and dispositions. The author presents these papers as an inquiry into the various pleasures which human nature is capable of receiving. Written in Old English.
=490  \\$aNatural law and enlightenment classics
=942  \\$cBOO
=952  \\$00$10$2ddc$40$6PHI_HUTC_A$70$8PHI$916239$aORPH$bORPH$cKM12_3_2$d2021-08-11$oPHI HUTC a$p20133738$r2021-01-12 00:00:00$w2021-01-12$yBOO
=999  \\$c16226$d16226

