=LDR  03981aam a2200253   4500
=001  16228
=005  20250925143303.0
=008  191220s2019\\\\\\\\\\\\\m\\\\\\\\0\eng\d
=041  \\$aeng
=100  \\$aStam, Emlyn$4aut$918078
=245  \\$aIn Search of a Lost Language:$bPerforming in Early-Recorded Style in Viola and String Quartet Repertoires
=260  \\$aLeiden$bLeiden University$c2019
=300  \\$a250 pages
=500  \\$aProefschrift ter verkrijging van de graad van Doctor aan de Universiteit Leiden op gezag van de Rector Magnificus prof. mr. C.J.J.M. Stolker, volgens besluit van het College voor promoties te verdedigen op 30 oktober 2019.


=520  \\$aEarly recordings made between the 1880s and mid-1930s reveal a wide gap between the performance practices of a century ago and those of today. Though many contemporary musicians often claim fidelity to composers intentions, they clearly prefer to avoid the risks associated with playing in ways familiar to the very composers to whom they pledge fidelity. Given this state of affairs, I suggest a re-thinking of the concept of Werktreue, predicated upon the notion that 19th-century performers enacted their fidelity to works and composers by creating altered and highly personalized versions of the detail, structure and time of composers works. This re-thinking of Werktreue aims to circumvent current performance practices by giving players a theoretical framework within which to revitalize early-recorded style, a style that is more performer-led, communicative and moment-to-moment, resulting from the wider-ranging creative possibilities historical performers had at their disposal.

My own performances aim to enact this performer-centred Werktreue in order circumvent the frequently restrictive nature of modern performance practices while closing the gap between these practices and those heard on early recordings of viola solo, viola/piano and string quartet repertoires. The question my work engages with is: how might viola and string quartet playing in the performer-centered, moment-to-moment and communicative style heard on early recordings be brought about today? In order to achieve this aim, the study of relevant literatures on early-recorded style is combined with historical research and the detailed analysis and all-in copying of early recordingsthe latter of which involves learning historical playing techniques on the viola, adjusting ones physical approach to the instrument, and using the all-in copying method in chamber music settings. This study is the first documented approach, in both kind and scale, to copying early-recorded viola solo, duo and string quartet performances, demonstrating the viability of incorporating idiosyncratic and non-score-based practices in single- and multi-player contexts alike. 
 
I copied recordings by the violists Oskar Nedbal, Léon Van Hout, Arthur Post and Lionel Tertis, as well as the Haagsche Toonkunstkwartet, Brüder-Post, Klingler and Czech Quartets. My performances demonstrate a number of radically alternative approaches to canonic Western Art Music repertoires, closing the gap between viola and string quartet practices both past and present, and rejuvenating the more personal, intimate and communicative playing styles heard on early recordings.
=648  \0$a19th Century (1801-1900)$1http://www.wikidata.org/entity/Q6955$920935
=648  \0$a20th Century (1901-2000)$1http://www.wikidata.org/entity/Q6927$920936
=650  \0$aViola$1http://www.wikidata.org/entity/Q80284$921810
=650  \0$aString quartet$1http://www.wikidata.org/entity/Q207338$94110
=650  \0$aSound recording industry$1http://www.wikidata.org/entity/Q10302058$92246
=650  \0$aHistorically informed performance$1http://www.wikidata.org/entity/Q1344860$920980
=942  \\$cDIS
=952  \\$00$10$2ddc$40$6MTP_5_000000000000000_STAM$70$8MTP$916241$aORPH$bORPH$cKM12_1$d2021-08-31$oMTP5 STAM$p20131385$r2021-01-12 00:00:00$w2021-01-12$yDIS
=999  \\$d16228

