=LDR  00530aam a2200169   4500
=001  16231
=005  20251009081720.0
=008  160822s2015\\\\\\\\\\\\\\\\\\\\\\0\e
=020  \\$a9789401423991
=041  \\$aeng
=100  \\$4edt$aElias, Willem$918080
=245  \\$aThe Institute: A higher institute for fine arts
=260  \\$aTielt$bLannoo$c2015
=300  \\$a591
=942  \\$cBOO
=952  \\$00$10$2ddc$40$6VIS_ELIA$70$8VIS$916244$aORPH$bORPH$cKTS1_H$d2022-09-20$l0$oVIS ELIA$p20116103$r2021-01-12 00:00:00$w2021-01-12$yBOO
=999  \\$c16231$d16231

