=LDR  02296aam a2200181   4500
=001  16232
=005  20230123103535.0
=008  120127s1997\\\\\\\\\\\\\\\\\\\\\\0\e
=020  \\$a9780804729253
=041  \\$aeng
=100  \\$aLenoir, Timothy$4aut$918081
=245  \\$aInstituting science: The cultural production of scientific disciplines
=260  \\$aStanford$bStanford university press$c1997
=300  \\$a353
=520  \\$aEarly practitioners of the social studies of science turned their attention away from questions of institutionalization, which had tended to emphasize macrolevel explanations, and attended instead to microstudies of laboratory practice. Though sympathetic to this approach?as the microstudies included in this book attest?the author is interested in re-investigating certain aspects of institution formation, notably the formation of scientific, medical, and engineering disciplines. He emphasizes the manner in which science as cultural practice is imbricated with other forms of social, political, and even aesthetic practices. 

This book offers case studies that reexamine certain critical junctures in the traditional historical picture of the evolution of the role of the scientist in modern Western society. It focuses especially on the establishment of new disciplines within German research universities in the nineteenth century, the problematic relationship that emerged between science, industry, and the state at the turn of the twentieth century, and post-World War II developments in science and technology.

After an Introduction and two chapters dealing with science and technology as cultural production and the struggles of disciplines to achieve legitimation and authority, the author considers the following topics: the organic physics of 1847; the innovative research program of Carl Ludwig as a model for institutionalizing science-based medicine; optics, painting, and ideology in Germany, 1845-95; Paul Ehrlich's "magic bullet"; the Haber-Bosch synthesis of ammonia; and the introduction of nuclear magnetic resonance instrumentation into the practice of organic chemistry.

=942  \\$cBOO
=952  \\$00$10$2ddc$40$6PHI_LENO_A$70$8PHI$916245$aORPH$bORPH$cKM12_3_2$d2021-08-11$oPHI LENO a$p20133815$r2021-01-12 00:00:00$w2021-01-12$yBOO
=999  \\$c16232$d16232

