=LDR  01036aam a2200193   4500
=001  16235
=005  20230123104823.0
=008  200626s2008\\\\\\\\\\\\\\\\\\\\\\0\dut
=020  \\$a9789033468674
=041  \\$adut
=100  \\$4edt$aKnockaert, Yves$919163
=245  \\$aInstituut voor onderzoek in de kunsten: jaarboek 2007
=260  \\$aLeuven$bAcco$c2008
=300  \\$a64 pages
=490  \\$aCahiers van het IvOK$v5
=520  \\$aHet Instituut voor Onderzoek in de Kunsten van de Associatie K.U.Leuven werd op 3 mei 2006 opgericht. Het Jaarboek 2007 is het tweede verslag van de werkzaamheden van dit instituut.
Het jaarboek is het vijfde cahier in de pulicatiereeks Cahiers van het IvOK. Naast de jaarboeken zullen in deze cahierreeks ook de resultaten van de artistieke onderzoeksprojecten van het IvOk en essays over onderzoek in de kunsten verschijnen.
=942  \\$cBOO
=952  \\$00$10$2ddc$40$6REF_3_000000000000000_KNOC$70$8REF$916248$aORPH$bORPH$cKM12_1$d2021-08-24$oREF3 KNOC$p20134330$r2021-01-12 00:00:00$w2021-01-12$yBOO
=999  \\$d16235

