=LDR  01033aam a2200193   4500
=001  16237
=005  20230123104823.0
=008  200626s2010\\\\\\\\\\\\\\\\\\\\\\0\n
=020  \\$a9789033478031
=041  \\$adut
=100  \\$4edt$aKnockaert, Yves$919163
=245  \\$aInstituut voor onderzoek in de kunsten: jaarboek 2009
=260  \\$aLeuven$bAcco$c2010
=300  \\$a62 pages
=490  \\$aCahiers van het IvOK$v18
=520  \\$aHet Instituut voor Onderzoek in de Kunsten van de Associatie K.U.Leuven werd op 3 mei 2006 opgericht. Het Jaarboek 2008 is het vierde verslag van de werkzaamheden van dit instituut.
Het jaarboek is het 18de cahier in de pulicatiereeks Cahiers van het IvOK. Naast de jaarboeken zullen in deze cahierreeks ook de resultaten van de artistieke onderzoeksprojecten van het IvOk en essays over onderzoek in de kunsten verschijnen.
=942  \\$cBOO
=952  \\$00$10$2ddc$40$6REF_3_000000000000000_KNOC$70$8REF$916250$aORPH$bORPH$cKM12_1$d2021-08-24$oREF3 KNOC$p20134332$r2021-01-12 00:00:00$w2021-01-12$yBOO
=999  \\$d16237

