=LDR  00912aam a2200205   4500
=001  16238
=005  20251001162313.0
=008  160726s1864\\\\\\\gd\\\\\\\\\\\\\0\fre\d
=041  \\$afre
=100  \\$aMeerens, Charles$d1831-1909$4aut$916159
=245  \\$aInstruction élémentaire du calcul musical et philosophie de la musique
=260  \\$aParis$bSchott$c1864
=300  \\$a76 pages
=500  \\$aMeerens was a Belgian cellist and musicologist in the field of acoustics.
=648  \0$a19th Century (1801-1900)$1http://www.wikidata.org/entity/Q6955$920935
=650  \0$aAcoustics$1http://www.wikidata.org/entity/Q82811$921365
=650  \0$aMusic philosophy and aesthetics$1http://www.wikidata.org/entity/Q2092865$921165
=942  \\$cBOO
=952  \\$00$10$2ddc$40$6KTS_1_000000000000000_H_02_052$70$8RAR$923261$aORPH$bORPH$cKTS1_H$d2024-04-08$l0$oKTS1 H.02.052$p20146504$r2021-01-12 00:00:00$w2021-01-12$yBOO
=999  \\$d16238

