=LDR  01139aam a2200181   4500
=001  16244
=005  20250120120127.0
=008  120111s2001\\\\\\\\\\\\\\\\\\\\\\0\e
=020  \\$a0192893211
=041  \\$aeng
=100  \\$aDeary, Ian J.$4aut$918087
=245  \\$aIntelligence: A very short introduction
=260  \\$aOxford$bOxford university press$c2001
=300  \\$a132
=520  \\$aFor people with little or no knowledge of the science of human intelligence, this volume takes readers to a stage where they are able to make judgments for themselves about the key questions of human mental ability. Each chapter addresses a central scientific issue but does so in a way that is lively and completely accessible. Issues discussed include whether there are several different types of intelligence, whether intelligence differences are caused by genes or the environment, the biological basis of intelligence levels, and whether intelligence declines as we grow older.
=942  \\$cBOO
=952  \\$00$10$2ddc$40$6PHI_DEAR_A$70$8PHI$916257$aORPH$bORPH$cKM12_3_2$d2021-08-11$oPHI DEAR a$p20133638$r2021-01-12 00:00:00$w2021-01-12$yBOO
=999  \\$c16244$d16244

