=LDR  02599aam a2200229   4500
=001  16246
=005  20250906121749.0
=008  120312s2006\\\\\\\a\\\\\\\\\\\\\\0\eng\d
=020  \\$a9780226139487
=041  \\$aeng
=100  \\$aDear, Peter$d-1958$4aut$1http://www.wikidata.org/entity/Q20429301$918089
=245  \\$aThe Intelligibility of Nature: How Science Makes Sense of the World
=260  \\$aChicago$bUniversity of Chicago Press$c2006
=300  \\$a242 pages
=490  \\$ascience.culture
=520  \\$aThroughout the history of the Western world, science has possessed an extraordinary amount of authority and prestige. And while its pedestal has been jostled by numerous evolutions and revolutions, science has always managed to maintain its stronghold as the knowing enterprise that explains how the natural world works: we treat such legendary scientists as Galileo, Newton, Darwin, and Einstein with admiration and reverence because they offer profound and sustaining insight into the meaning of the universe.

In The Intelligibility of Nature, Peter Dear considers how science as such has evolved and how it has marshaled itself to make sense of the world. His intellectual journey begins with a crucial observation: that the enterprise of science is, and has been, directed toward two distinct but frequently conflated ends?doing and knowing. The ancient Greeks developed this distinction of value between craft on the one hand and understanding on the other, and according to Dear, that distinction has survived to shape attitudes toward science ever since.

Teasing out this tension between doing and knowing during key episodes in the history of science?mechanical philosophy and Newtonian gravitation, elective affinities and the chemical revolution, enlightened natural history and taxonomy, evolutionary biology, the dynamical theory of electromagnetism, and quantum theory?Dear reveals how the two principles became formalized into a single enterprise, science, that would be carried out by a new kind of person, the scientist. 

Finely nuanced and elegantly conceived, The Intelligibility of Nature will be essential reading for aficionados and historians of science alike.
=650  \0$aScience$1http://www.wikidata.org/entity/Q7991$921650
=650  \0$aHistory$1http://www.wikidata.org/entity/Q309$921403
=650  \0$aPhilosophy$1http://www.wikidata.org/entity/Q5891$92357
=942  \\$cBOO
=952  \\$00$10$2ddc$40$6SCI_DEAR$70$8SCI$916259$aORPH$bORPH$cKM12_1$d2021-12-22$g18.00$l1$m3$oSCI DEAR$p20139438$r2022-09-06 00:00:00$s2021-03-10$w2021-01-12$yBOO$Vamazon.com
=999  \\$d16246

