=LDR  01447aam a2200181   4500
=001  16252
=005  20230123103537.0
=008  130919s1990\\\\\\\\\\\\\\\\\\\\\\0\e
=020  \\$a9780814320884
=041  \\$aeng
=100  \\$aKlein, Julie$4aut$918097
=245  \\$aInterdisciplinarity: History, theory, & practise
=260  \\$aDetroit$bWayne state University Press$c1990
=300  \\$a331
=520  \\$aIn this volume, Julie Klein provides the first comprehensive study of the modern concept of interdisciplinarity, supplementing her discussion with the most complete bibliography yet compiled on the subject. Spanning the social sciences, natural sciences, humanities, and professions, her study is a synthesis of existing scholarship on interdisciplinary research, education and health care.

Klein argues that any interdisciplinary activity embodies a complex network of historical, social, psychological, political, economic, philosophical, and intellectual factors. Whether the context is a short-ranged instrumentality or a long-range reconceptualization of the way we know and learn, the concept of interdisciplinarity is an important means of solving problems and answering questions that cannot be satisfactorily addressed using singular methods or approaches.
=942  \\$cBOO
=952  \\$00$10$2ddc$40$6PHI_KLEI_A$70$8PHI$916265$aORPH$bORPH$cKM12_3_2$d2021-08-04$g34.66$oPHI KLEI a$p20133046$r2021-01-12 00:00:00$w2021-01-12$yBOO
=999  \\$c16252$d16252

