=LDR  01654aam a2200181   4500
=001  16255
=005  20250120120127.0
=008  131210s1987\\\\\\\\\\\\\\\\\\\\\\0\e
=020  \\$a9780521337946
=041  \\$aeng
=100  \\$aGoody, Jack$4aut$918101
=245  \\$aThe interface between the written and the oral
=260  \\$aCambridge$bCambridge University Press$c1987
=300  \\$a328
=520  \\$aWhilst the fundamental significance of the spoken language for human interaction is widely acknowledged, that of writing is less well known, and in this wide-ranging series of essays Jack Goody examines in depth the complex and often confused relationship between oral and literate modes of communication. He considers the interface between the written and the oral in three cultures or societies with and without writing, and that within the linguistic life of an individual. Specific analyses of the sequence of historical change within writing systems, the historic impact of writing upon Eurasian cultures, and the interaction between distinct oral and literate cultures in West Africa, precede an extensive concluding examination of contemporary issues in the investigation, whether sociological or psychological, of literacy. A substantial corpus of anthropological, historical and linguistic evidence is produced in support of Goody's findings, which form a natural complement to his own recently published study of The Logic of Writing and the Organization of Society.
=942  \\$cBOO
=952  \\$00$10$2ddc$40$6LIT_GOOD_A$70$8LIT$916270$aORPH$bORPH$cKM12_2_H$d2021-08-30$g28.38$oLIT GOOD a$p20131321$r2021-01-12 00:00:00$w2021-01-12$yBOO
=999  \\$c16255$d16255

