=LDR  01739aam a2200181   4500
=001  16256
=005  20250120120128.0
=008  150421s1977\\\\\\\\\\\\\\\\\\\\\\0\e
=020  \\$a9780801492502
=041  \\$aeng
=100  \\$aOng, Walter J.$4aut$1http://www.wikidata.org/entity/Q722347$918102
=245  \\$aInterfaces of the world: Studies in the evolution of consciousness and culture
=260  \\$aLondon$bCornell University Press$c1977
=300  \\$a352
=520  \\$aDrawing on a wide range of disciplineslinguistics, phenomenological analysis, cultural anthropology, media studies, and intellectual historyWalter J. Ong offers a reasoned and sophisticated view of human consciousness different in many respects from that of structuralism. The essays in Interfaces of the Word are grouped around the dialectically related themes of change or alienation and growth or integration. Among the subjects Ong covers are the origins of speech in mother tongues; the rise and final erosion of nonvernacular learned languages; and the fictionalizing of audiences that is enforced by writing. Other essays treat the idiom of African talking drums, the ways new media interface with the old, and the various connections between specific literary forms and shifts in media that register in the work of Shakespeare and Milton and in movements such as the New Criticism. Ong also discusses the paradoxically nonliterary character of the Bible and the concerted blurring of fiction and actuality that marked much drama and narrative toward the close of the twentieth century.
=942  \\$cBOO
=952  \\$00$10$2ddc$40$6PHI_ONG_A$70$8PHI$916271$aORPH$bORPH$cKM12_3_2$d2021-08-17$g29.00$oPHI ONG a$p20133864$r2021-01-12 00:00:00$w2021-01-12$yBOO
=999  \\$c16256$d16256

