=LDR  00605aam a2200169   4500
=001  16264
=005  20250120120122.0
=008  111115s1976\\\\\\\\\\\\\\\\\\\\\\0\e
=020  \\$a9780912646596
=041  \\$aeng
=100  \\$aRicœur, Paul$d1913-2015$4aut$917803
=245  \\$aInterpretation theory: Discourse and the surplus of meaning
=260  \\$aFort Worth, Texas$bThe Texas Christian University Press$c1976
=300  \\$a107
=942  \\$cBOO
=952  \\$00$10$2ddc$40$6PHI_RICO_A$70$8PHI$916279$aORPH$bORPH$cKM12_3_2$d2021-08-04$g13.00$oPHI RICO a$p20133033$r2021-01-12 00:00:00$w2021-01-12$yBOO
=999  \\$c16264$d16264

