=LDR  03156aam a2200277   4500
=001  16270
=005  20250128120921.0
=008  120913s2011\\\\\\\\\\\\\\\\\\\\\\0\eng
=020  \\$a9780195093667
=041  \\$aeng
=100  \\$aSchmalfeldt, Janet$4aut$918114
=245  \\$aIn the Process of Becoming:$bAnalytic and Philosophical Perspectives on Form in Early Nineteenth-Century Music
=260  \\$aNew York$bOxford University Press$c2011
=300  \\$a333 pages
=490  \\$aOxford Studies in Music Theory
=520  \\$aWith their insistence that form is a dialectical process in the music of Beethoven, Theodor Adorno and Carl Dahlhaus emerge as the guardians of a long-standing critical tradition in which Hegelian concepts have been brought to bear on the question of musical form. Janet Schmalfeldt's account of this Beethoven-Hegelian tradition restores to the term "form" some of its philosophical associations in the early nineteenth century, when profound cultural changes were yielding new relationships between composers and listeners, and when music itself became a topic for renewed philosophical investigation. A recurring metaphor in early nineteenth-century philosophical writings is the notion of becoming. In the Process of Becoming explores the idea of "form coming into being" in respect to music by Beethoven, Schubert, Mendelssohn, Chopin, and Schumann. 

A critical assessment of Dahlhaus's preoccupation with the opening of Beethoven's "Tempest" Sonata serves as the author's starting point for the translation of philosophical ideas into music-analytical terms. Due to the ever-growing familiarity of late eighteenth-century audiences with formal conventions, composers could increasingly trust that performers and listeners would be responsive to striking formal transformations. Schmalfeldt's unique analytic method captures the dynamic, quasi-narrative nature of such transformations. This experiential approach invites listeners and performers to participate in the interpretation of processes by which, for example, brooding introduction-like openings become main themes and huge formal expansions offer a dazzling opportunity for multiple retrospective reinterpretations. Above all, In the Process of Becoming proposes new ways of hearing beloved works of the romantic generation as representative of a quest for novel, intensely self-reflective modes of communication.
=600  \0$aBeethoven, Ludwig van$d1770-1827$1http://www.wikidata.org/entity/Q255$95335
=600  \0$aHegel, Georg Wilhelm Friedrich$d1770-1831$1http://www.wikidata.org/entity/Q9235$915796
=600  \0$aAdorno, Theodor W.$d1903-1969$1http://www.wikidata.org/entity/Q152388$915795
=600  \0$aDahlhaus, Carl$d1928-1989$916277
=648  \0$a19th Century (1801-1900)$1http://www.wikidata.org/entity/Q6955$920935
=650  \0$aMusical analysis$1http://www.wikidata.org/entity/Q1544924$92775
=650  \0$aMusic theory$1http://www.wikidata.org/entity/Q193544$92662
=942  \\$cBOO
=952  \\$00$10$2ddc$40$6GHM_6_000000000000000$70$8GHM$916286$aORPH$bORPH$cKM12_1$d2022-08-30$g34.00$l0$oGHM6$p20134966$r2021-01-12 00:00:00$w2021-01-12$yBOO
=999  \\$d16270

