=LDR  00800aam a2200181   4500
=001  16275
=005  20250120120023.0
=008  150505s2003\\\\\\\\\\\\\\\\\\\\\\0\eng
=041  \\$aeng
=100  \\$aStockhausen, Karlheinz$d1928-2007$4aut$1http://www.wikidata.org/entity/Q37546939$915865
=245  \\$aIntroduction to Mantra
=260  \\$aKürten$bStockhausen Verlag$c2003
=300  \\$a14 pages
=500  \\$aLecture given at the municipal auditorium in Gütersloh, 10 March 1991
=520  \\$aKarlheinz Stockhausen: Introduction to MANTRA
( 16 pages in English with numerous musical example
and a postcard with the MANTRA formula in colour )
=942  \\$cBOO
=952  \\$00$10$2ddc$40$6TRE_STOC$70$8TRE$916291$aORPH$bORPH$cKTS1_H$d2021-10-18$oTRE STOC$p20134249$r2021-01-12 00:00:00$w2021-01-12$yBOO
=999  \\$d16275

