=LDR  01991aam a2200205   4500
=001  16276
=005  20250120120210.0
=008  120703s2009\\\\\\\\\\\\\\\\\\\\\\0\eng
=020  \\$a9780521603805
=041  \\$aeng
=245  \\$aAn Introduction to Music Studies
=260  \\$aCambridge$bCambridge University Press$c2009
=300  \\$a296 pages
=520  \\$aWhy study music? How much practical use is it in the modern world? This introduction proves how studying music is of great value both in its own terms and also in the post-university careers marketplace. The book explains the basic concepts and issues involved in the academic study of music, draws attention to vital connections across the field, and encourages critical thinking over a broad range of music-related issues.
Covers all main aspects of music studies, including topics such as composition, music theory, opera, popular music, and the economics of music.
Provides a thorough overview of a hugely diverse subject, from the history of early music to careers in music technology, giving a head-start on the areas covered in a music degree.
New to neume? Need a reminder about ripping? Glossaries give clear definitions of key musical terms.
Chapters are carefully structured and organized enabling easy and quick location of the information needed. Each chapter contains: a chapter preview presenting a clear and concise introduction to the topic; a bullet list of key issues, showing at a glance the aims and content of the chapter; a chapter summary at the end of the chapter, providing a useful revision tool; a list of key discussion topics to help broaden thinking on the subject.
=650  \0$aMusicology$1http://www.wikidata.org/entity/Q164204$93925
=700  \\$4edt$aHarper-Scott, J. P. E.$918121
=700  \\$4edt$aSamson, Jim$916497
=942  \\$cBOO
=952  \\$00$10$2ddc$40$6MTP_4_000000000000000_HARP$70$8MTP$916292$aORPH$bORPH$cKM12_1$d2022-01-13$oMTP4 HARP$p20135478$r2021-01-12 00:00:00$w2021-01-12$yBOO
=999  \\$d16276

