=LDR  02210aam a2200229   4500
=001  16277
=005  20250120120046.0
=008  120214s2004\\\\\\\\\\\\\\\\\\\\\\0\eng
=020  \\$a0130143316
=041  \\$aeng
=100  \\$aStraus, Joseph N.$4aut$918122
=245  \\$aIntroduction to Post-Tonal Theory
=250  \\$a2nd ed.
=260  \\$aHoboken, NJ$bPrentice Hall$c2004
=300  \\$a260 pages
=520  \\$aDesigned for a course in twenty-first-century techniques and analysis, this text offers a clear, comprehensive introduction to the basic concepts of post-tonal theory. Each concept is clearly explained and richly illustrated with examples from the musical literature. The text contains model analyses as well as carefully graduated exercises that involve playing, singing, composing, and analyzing. 

The third edition stays abreast of recent theoretical developments by including discussions of transformational networks and graphs, contour theory, atonal voice leading, triadic post-tonality (including neotonality), inversional symmetry, and interval cycles. As a result, this text is not only a primer of basic concepts but also an introduction to the current state of post-tonal theory, with its rich array of theoretical concepts and analytical tools. 

The third edition also features a wide range of composers and musical styles. Although the "classical" prewar repertoire of music by Schoenberg, Stravinsky, Bartok, Webern, and Berg still comprises the musical core, theoretical concepts are now also illustrated with music by Adams, Babbitt, Berio, Boulez, Britten, Cage, Carter, Cowell, Crawford, Crumb, Debussy, Feldman, Glass, Gubaidulina, Ives, Ligeti, Messiaen, Musgrave, Reich, Ruggles, Sessions, Shostakovich, Stockhausen, Varese, Wolpe, Wuorinen, and Zwillich. 


=648  \0$a21st Century (2001-2100)$1http://www.wikidata.org/entity/Q6939$920812
=650  \0$aMusic theory$1http://www.wikidata.org/entity/Q193544$92662
=650  \0$aMusical analysis$1http://www.wikidata.org/entity/Q1544924$92775
=942  \\$cBOO
=952  \\$00$10$2ddc$40$6MTP_1_000000000000000_STRA$70$8MTP$916293$aORPH$bORPH$cKM12_1$d2022-04-19$oMTP1 STRA$p20135668$r2021-01-12 00:00:00$w2021-01-12$yBOO
=999  \\$d16277

