=LDR  01052aam a2200181   4500
=001  16286
=005  20250120120128.0
=008  120209s2005\\\\\\\\\\\\\\\\\\\\\\0\n
=020  \\$a9025427928
=041  \\$adut
=100  \\$aGladwell, Malcolm$4aut$918128
=245  \\$aIntuitie: De kracht van denken zonder erbij na te denken
=260  \\$aAmsterdam$bContact$c2005
=300  \\$a253
=520  \\$aInleiding - Het beeldhouwwerk waar iets mis mee was

1. De theorie van de flinterdunne informatieplakjes
Hoe je heel ver kunt komen met een klein beetje kennis

2. De gesloten deur 
Het verborgen leven van onmiddellijke oordelen

3. Het onbesuisde oordeel over Warren Harding 
Waarom we vallen voor lange, donkere, knappe mannen

4. Paul van Ripers grote triomf 
Georganiseerde spontaniteit

5. Kenna's dilemma 
De juiste - en verkeerde - manier om mensen te vragen wat ze leuk en lekker
=942  \\$cBOO
=952  \\$00$10$2ddc$40$6PHI_GLAD_A$70$8PHI$916302$aORPH$bORPH$cKM12_3_2$d2021-08-11$oPHI GLAD a$p20133700$r2021-01-12 00:00:00$w2021-01-12$yBOO
=999  \\$c16286$d16286

