=LDR  00603aam a2200169   4500
=001  16287
=005  20250120120128.0
=008  170216s1934\\\\\\\\\\\\\\\\\\\\\\0\f
=041  \\$afre
=100  \\$4Autheur$aJolivet, Régis$918129
=245  \\$al'Intuition intellectuelle et le problème de la métaphysique
=260  \\$aParis$bArchives de philosophie$c1934
=300  \\$a109
=490  \\$aArchives de philosophie$vVolume XI: cahier II
=942  \\$cBOO
=952  \\$00$10$2ddc$40$6PHI_JOLI_A$70$8PHI$916303$aORPH$bORPH$cKM12_3_2$d2021-08-11$oPHI JOLI a$p20133760$r2021-01-12 00:00:00$w2021-01-12$yBOO
=999  \\$c16287$d16287

