=LDR  01940aam a2200253   4500
=001  16289
=005  20250926135509.0
=008  150910s2013\\\\\\\\\\\\\\\\\\\\\\0\eng\d
=020  \\$a9780810129047
=041  \\$aeng$hfre
=100  \\$aBachelard, Gaston$d1884-1962$4aut$1http://www.wikidata.org/entity/Q270800$916813
=245  \\$aIntuition of the Instant
=260  \\$aIllinois$bNorthwestern University$c2013
=300  \\$a99 pages
=490  \\$aNorthwestern University Studies in Phenomenology and Existential Philosophy
=520  \\$aAppearing in English for the first time, 'Intuition of the Instant', Bachelard's first metaphysical meditation on time and its moral implications was written in 1932 in the wake of Husserls lectures on streaming time-consciousness, Heidegger's 'Being and Time', and Henri Bergsons philosophy of the élan vital. A culmination of Bachelards earlier studies in scientific epistemology, this work builds the epistemic framework that would lead theorists of all stripes to advance knowledge by breaking with accepted modes of thought. Intuition of the Instant sows the seeds of Bachelard's future poetics, most notably in the essay Poetic Instant and Metaphysical Instant (1939) included in this volume, along with an excerpt from Jean Lescure's lecture Introduction to Bachelard's Poetics (1966). Eileen Rizo-Patron's translation offers a key to Bachelard's subsequent works on science, time, and imagination, which remain epistemological touchstones.
=534  \\$aOriginally published in 1932
=650  \0$aPhilosophy$1http://www.wikidata.org/entity/Q5891$92357
=650  \0$aTime$1http://www.wikidata.org/entity/Q11471$93353
=700  \\$4trl$aRizo-Patron, Eileen$920920
=765  \\$aIntuition de l'instant
=942  \\$cBOO
=952  \\$00$10$2ddc$40$6PHI_BACH_A$70$8PHI$916305$aORPH$bORPH$cKM12_3_2$d2015-07-10$l1$oPHI BACH a$p20139116$r2022-06-08 00:00:00$s2021-03-12$v20.87$w2015-07-10$yBOO
=999  \\$d16289

