=LDR  01454aam a2200193   4500
=001  16290
=005  20250120120128.0
=008  120419s2003\\\\\\\\\\\\\\\\\\\\\\0\eng
=020  \\$a9780335203628
=041  \\$aeng
=245  \\$aIntuitive Practitioner:$bon the value of not always knowing what one is doing
=260  \\$aBerkshire$bOpen University Press$c2003
=300  \\$a278 pages
=520  \\$aMuch of the time, experienced professionals in both education and other fields cannot explain what they are doing, or tell you what they know; and students cannot articulate their learning. Yet professional development and practice are often discussed as if conscious understanding and deliberation are of the essence. The Intuitive Practitioner tackles this apparent paradox head on, and explores the dynamic relationship between reason and intuition in the context of professional practice. Focusing mainly on the professional world of the teacher, but with illustrative discussions of medical and business practice, the contributors delicately unpick the vexed and neglected nature of intuition, and demonstrate the vital role it plays in the development of professional judgement and expertise.
=700  \\$4edt$aAtkinson, Terry$918131
=700  \\$4edt$aClaxton, Guy$918132
=942  \\$cBOO
=952  \\$00$10$2ddc$40$6MTP_2_000000000000000_ATKI$70$8MTP$916306$aORPH$bORPH$cKM12_1$d2021-12-21$oMTP2 ATKI$p20134449$r2021-01-12 00:00:00$w2021-01-12$yBOO
=999  \\$d16290

