=LDR  00921aam a2200217   4500
=001  16291
=005  20250605144202.0
=008  190117s1981\\\\be\ahf\\\\\\\\\\\\0\fre\d
=041  \\$afre
=100  \\$aFelix, Jean-Pierre$4aut$918133
=245  \\$aInventaire descriptif des archives des facteurs d'orgues Kerkhoff
=260  \\$aBrussels$bMusée instrumental. Archives centrales de l'orgue$c1981
=300  \\$a155 pages
=600  \0$926056$aKerkhoff, Rogier J.$d1816-1873
=600  \0$926057$aKerkhoff, Jean-Emile$d1859-1921
=650  \0$aOrganology$1http://www.wikidata.org/entity/Q899293$921400
=650  \0$aOrgan$1http://www.wikidata.org/entity/Q1444$92810
=651  \0$1http://www.wikidata.org/entity/Q239$aBrussels (Belgium)$937
=942  \\$cBOO
=952  \\$00$10$2ddc$40$6INS_3_000000000000000_1B_KERK$70$8INS$916307$aORPH$bORPH$cKTS0$d2023-04-13$l0$oINS3.1b KERK$p20130491$r2021-01-12 00:00:00$w2021-01-12$yBOO
=999  \\$d16291

