=LDR  00940aam a2200205   4500
=001  16292
=008  190117s1980\\\\be\o\\\\\\\\\\\\\\0\fre\d
=041  \\$afre
=100  \\$aFelix, Jean-Pierre$4aut$918133
=245  \\$aInventaire descriptif des archives des facteurs d'orgues: Van Bever de Laeken-Amiens (1885-1916)
=260  \\$aBrussels$bMusée instrumental. Archives centrales de l'orgue$c1980
=300  \\$a181 pages
=600  \0$925852$aBever, Adrien van
=648  \0$a19th Century (1801-1900)$1http://www.wikidata.org/entity/Q6955$920935
=650  \0$aOrgan$1http://www.wikidata.org/entity/Q1444$92810
=650  \0$aOrganology$1http://www.wikidata.org/entity/Q899293$921400
=710  \\$4edt$aMusical Instruments Museum (Brussels, Belgium)$922388
=942  \\$cBOO
=952  \\$00$10$2ddc$40$6INS_3_000000000000000_1A_BEVE$70$8INS$916308$aORPH$bORPH$cKTS0$d2023-03-15$l0$oINS3.1a BEVE$p20130492$r2021-01-12 00:00:00$w2021-01-12$yBOO
=999  \\$d16292

