=LDR  02171aam a2200181   4500
=001  16293
=005  20250120120128.0
=008  190509s2014\\\\\\\\\\\\\\\\\\\\\\0\e
=020  \\$a9780713996449
=041  \\$aeng
=100  \\$aSiedentop, Larry$4aut$918134
=245  \\$aInventing the individual: the origins of Western Liberalism
=260  \\$aLondon$bPenguin Books$c2014
=300  \\$a434
=520  \\$aHere, in a grand narrative spanning 1,800 years of European history, a distinguished political philosopher firmly rejects Western liberalisms usual account of itself: its emergence in opposition to religion in the early modern era. Larry Siedentop argues instead that liberal thought is, in its underlying assumptions, the offspring of the Church. Beginning with a moral revolution in the first centuries CE, when notions about equality and human agency were first formulated by St. Paul, Siedentop follows these concepts in Christianity from Augustine to the philosophers and canon lawyers of the fourteenth and early fifteenth centuries, and ends with their reemergence in secularismanother of Christianitys gifts to the West.

Inventing the Individual tells how a new, equal social role, the individual, arose and gradually displaced the claims of family, tribe, and caste as the basis of social organization. Asking us to rethink the evolution of ideas on which Western societies and government are built, Siedentop contends that the core of what is now the Wests system of beliefs emerged earlier than we commonly think. The roots of liberalismbelief in individual freedom, in the fundamental moral equality of individuals, in a legal system based on equality, and in a representative form of government befitting a society of free peopleall these were pioneered by Christian thinkers of the Middle Ages who drew on the moral revolution carried out by the early Church. These philosophers and canon lawyers, not the Renaissance humanists, laid the foundation for liberal democracy in the West.
=942  \\$cBOO
=952  \\$00$10$2ddc$40$6PHI_SIED_A$70$8PHI$916309$aORPH$bORPH$cKM12_3_2$d2021-08-18$oPHI SIED a$p20133954$r2021-01-12 00:00:00$w2021-01-12$yBOO
=999  \\$c16293$d16293

