=LDR  02023aam a2200193   4500
=001  16294
=005  20250906121749.0
=008  120411s1999\\\\\\\\\\\\\\\\\\\\\\0\fre
=020  \\$a9782080813084
=041  \\$afre
=100  \\$aStengers, Isabelle$4aut$916610
=245  \\$aL'Invention des sciences modernes
=260  \\$aParis$bFlammarion$c1999
=300  \\$a204 pages
=520  \\$aDepuis qu'elles existent, les sciences dites exactes se prétendent différentes des autres savoirs. Comment comprendre cette prétention ? Faut-il, à la manière des épistémologues anglo-saxons ou de Karl Popper, tenter d'identifier les critères qui la justifient ? Peut-on, suivant le modèle nouveau des études sociales des sciences, y voir une simple croyance ? Ce livre propose un dépassement fructueux de l'opposition. Apparemment irréconciliable, entre ces deux approches des sciences. Et si la tension entre objectivité scientifique et croyance était justement constitutive des sciences, enjeu des pratiques inventées et réinventées par les scientifiques ? Réussir à en parler avec humour, sans en faire un objet de vénération, ni de dénonciation, en restant au plus proche de la passion des scientiques, tel est ici le pari d'Isabelle Stengers. Mais ce livre ne se limite pas à un discours sur les sciences. Il s'agit plutôt de prolonger l'histoire de leur invention. Comment comprendre les liens multiples entre la science et les pouvoirs qui la mobilisent aujourd'hui ? Comment concevoir les rapports entre science, expertise et démocratie ? La nouveauté de L'Invention des sciences modernes est de faire de ces différents problèmes intellectuels, pratiques et politiques les enjeux du processus par où pourrait s'inventer et se renouveler l'identité même des sciences. 

=650  \0$aScience$1http://www.wikidata.org/entity/Q7991$921650
=942  \\$cBOO
=952  \\$00$10$2ddc$40$6PHI_STEN_A$70$8PHI$916310$aORPH$bORPH$cKM12_3_2$d2021-08-03$oPHI STEN a$p20132891$r2021-01-12 00:00:00$w2021-01-12$yBOO
=999  \\$d16294

