=LDR  02447aam a2200229   4500
=001  16296
=005  20250120120128.0
=008  190509s1998\\\\\\\\\\\\\\\\\\\\\\0\eng
=020  \\$a9780521473996
=041  \\$aeng
=100  \\$aSchneewind, J. B.$4aut$918135
=245  \\$aThe Invention of Autonomy:$bA History of Modern Moral Philosophy
=260  \\$aCambridge$bCambridge University Press$c1998
=300  \\$a624 pages
=520  \\$aJ.B. Schneewind's remarkable book is the most comprehensive study ever written of the history of moral philosophy. Its aim is to set Kant's still influential ethics in its historical context by showing in detail what the central questions in moral philosophy were for him and how he arrived at his own distinctive ethical views. In its range, analyses, and discussion of the subtle interweaving of religious and political thought with moral philosophy, this is an unprecedented account of the evolution of Kant's ethics.

The Invention of Autonomy is divided into four main parts. In the first part, Schneewind discusses the natural-law theory of morality, as classically expounded by St. Thomas Aquinas, and traces its rise and fall by considering the works of Luther, Calvin, Machiavelli, Montaigne, Charron, Suarez, Grotius, Hobbes, Cumberland, Pufendorf, Locke, and Thomasius. The second part deals with perfectionist approaches, as exemplified by Herbert of Cherbury, Descartes, the Cambridge Platonists, Spinoza, Malebranche, and Leibniz. The third part looks at moral philosophers who, by and large, are inclined to regard morality as independent of God's ongoing cooperation. Most of the canonical British moralists, from Shaftesbury, Clarke, and Mandeville to Hume, Reid, and Bentham, are included. Finally, in the fourth part, Schneewind examines anticipations of Kant's invention (or, perhaps, discovery) of autonomy in the works of Wolff, Crusius, the French philosophes, and Rousseau. He then skillfully relates Kant's moral thought to the rich tradition preceding it.
=648  \0$1http://www.wikidata.org/entity/Q192630$aPast$922196
=650  \0$1http://www.wikidata.org/entity/Q5891$aPhilosophy$92357
=650  \0$1http://www.wikidata.org/entity/Q309$aHistory$921403
=651  \0$1http://www.wikidata.org/entity/Q46$aEurope$991
=942  \\$cBOO
=952  \\$00$10$2ddc$40$6PHI_SCHN_A$70$8PHI$916312$aORPH$bORPH$cKM12_3_2$d2021-08-18$oPHI SCHN a$p20133920$r2021-01-12 00:00:00$w2021-01-12$yBOO
=999  \\$d16296

