=LDR  00524aam a2200157   4500
=001  16299
=005  20250120115933.0
=008  150521s\\\\\\\\\\\\\\\\\\\\\\\\\\0\d
=041  \\$ager
=100  \\$aPlato$d428/427-348/347 BC $4aut$1http://www.wikidata.org/entity/Q859$913315
=245  \\$aIon
=260  \\$aLeipzig$bSpamerschen buchdruckerei
=300  \\$a125
=942  \\$cBOO
=952  \\$00$10$2ddc$40$6PHI_PLAT_A$70$8PHI$916315$aORPH$bORPH$cKM12_3_2$d2021-08-17$oPHI PLAT a$p20133906$r2021-01-12 00:00:00$w2021-01-12$yBOO
=999  \\$c16299$d16299

