=LDR  01216aam a2200193   4500
=001  16306
=005  20230123102309.0
=008  120904s2005\\\\\\\\\\\\\\\\\\\\\\0\eng
=020  \\$a9781403992710
=041  \\$aeng
=100  \\$aClarke, Alan$4aut$917048
=245  \\$aIT skills for successful study
=260  \\$aNew York$bPalgrave Macmillan$c2005
=300  \\$a204 pages
=490  \\$aPalgrave study guides
=520  \\$aHere is a guide to help students exploit IT to aid their studies. It demonstrates how information and communication technologies can help with writing, analysis, research, communication and presentation. Most students will know how to word process but not how to exploit word processing applications to write longer documents, add footnotes, insert tables, create indexes, track changes, or add figures, and may have not used a spreadsheet to analyze data. Focusing on Microsoft Office programs, this book will help students develop intermediate or advanced IT skills in those areas most relevant to studying.

=942  \\$cBOO
=952  \\$00$10$2ddc$40$6REF_2_000000000000000_CLAR$70$8REF$916322$aORPH$bORPH$cKM12_1$d2021-08-23$g13.00$oREF2 CLAR$p20131222$r2021-01-12 00:00:00$w2021-01-12$yBOO
=999  \\$d16306

