=LDR  01231aam a2200241   4500
=001  16313
=005  20250919095542.0
=008  120716s2006\\\\\\\\\\\\\\\\\\\\\\0\dut
=100  \\$aFocquaert, Annelies$4aut$918143
=245  \\$aJacques-Nicolas Lemmens:$bleven en werk van een organist
=260  \\$aGhent$bOrpheus Instituut$c2006
=300  \\$a318 -193 pages
=505  \\$gDeel 1: Verhandeling. Deel 2: Briefwisseling
=520  \\$aStudie ingediend tot het bekomen van de graad van Laureaat van het Orpheus Instituut. Mentor: Jean Ferrard. Orpheusinstituut Gent, 2006
=600  \0$aLemmens, Jacques-Nicolas$d1823-1881$1http://www.wikidata.org/entity/Q712718$941280
=648  \0$a19th Century (1801-1900)$1http://www.wikidata.org/entity/Q6955$920935
=650  \0$aOrganist$1http://www.wikidata.org/entity/Q765778$94471
=650  \0$aBiography$1http://www.wikidata.org/entity/Q36279$91927
=651  \0$aLeuven (Belgium)$1http://www.wikidata.org/entity/Q118958$926817
=700  \\$aFerrard, Jean$1http://www.wikidata.org/entity/Q1685517$4ths$910849
=942  \\$cDIS
=952  \\$00$10$2ddc$40$6MTP_5_000000000000000_FOCQ$70$8MTP$916329$aORPH$bORPH$cKM12_1$d2021-08-31$oMTP5 FOCQ$p20134083$r2021-01-12 00:00:00$w2021-01-12$yDIS
=999  \\$d16313

