=LDR  01090aam a2200229   4500
=001  16320
=005  20250120120048.0
=008  180904s1934\\\\\\\aoc\\\\\\\\\\\\0ddu\\d
=041  \\$adut
=100  \\$aSigtenhorst Meyer, Bernhard van den$d1888-1953$4aut$1http://www.wikidata.org/entity/Q2062391$912741
=245  \\$aJan P. Sweelinck en zijn instrumentale muziek
=260  \\$aThe Hague$bServire$c1934
=300  \\$a290 pages
=600  \0$aSweelinck, Jan Pieterszoon$d1562-1621$1http://www.wikidata.org/entity/Q110294$911454
=648  \0$a16th Century (1501-1600)$1http://www.wikidata.org/entity/Q7017$920944
=648  \0$a17th Century (1601-1700)$1http://www.wikidata.org/entity/Q7016$920923
=650  \0$aBiography$1http://www.wikidata.org/entity/Q36279$91927
=650  \0$aInstrumental music$1http://www.wikidata.org/entity/Q639197$92106
=651  \0$aAmsterdam (Netherlands)$1http://www.wikidata.org/entity/Q727$9135
=942  \\$cBOO
=952  \\$00$10$2ddc$40$6BIO_SWEE1_E$70$8BIO$916336$aORPH$bORPH$cKTS1_P$d2022-01-26$oBIO SWEE1 e$p20138292$r2021-01-12 00:00:00$w2021-01-12$yBOO
=999  \\$d16320

