=LDR  01491acm a2200277   4500
=001  16326
=005  20250925143303.0
=008  130514s1979\\\\\\\\\\\\\\\\\\\\\\0\eng
=024  \\$aZ 8377-8380; Z 14002
=041  \\$aeng
=059  \\$apf
=100  \\$4cmp$aKurtág, György$d1926-$1http://www.wikidata.org/entity/Q48184$916121
=245  \\$aJatékok for piano
=246  \1$aJatékok, games for piano
=260  \\$aBudapest$bEMB$c1979
=300  \\$a5 vols. (25+43+63+12+46 pages)
=648  \0$a20th Century (1901-2000)$1http://www.wikidata.org/entity/Q6927$920936
=650  \0$aKeyboard music$1http://www.wikidata.org/entity/Q105715630$921412
=651  \0$aHungary$1http://www.wikidata.org/entity/Q28$921233
=942  \\$cSCO
=952  \\$00$10$2ddc$3vol. I$40$6SCO_KURT$70$8SCO$916342$aORPH$bORPH$cKTS1_P$d2022-02-07$oSCO KURT$p20113701$r2021-01-12 00:00:00$w2021-01-12$ySCO
=952  \\$00$10$2ddc$3vol. II$40$6SCO_KURT$70$8SCO$916343$aORPH$bORPH$cKTS1_P$d2022-02-07$oSCO KURT$p20113702$r2021-01-12 00:00:00$w2021-01-12$ySCO
=952  \\$00$10$2ddc$3vol. III$40$6SCO_KURT$70$8SCO$916344$aORPH$bORPH$cKTS1_P$d2022-02-07$oSCO KURT$p20113703$r2021-01-12 00:00:00$w2021-01-12$ySCO
=952  \\$00$10$2ddc$3vol. IV$40$6SCO_KURT$70$8SCO$916345$aORPH$bORPH$cKTS1_P$d2022-02-07$oSCO KURT$p20113704$r2021-01-12 00:00:00$w2021-01-12$ySCO
=952  \\$00$10$2ddc$3vol. V$40$6SCO_KURT$70$8SCO$916346$aORPH$bORPH$cKTS1_P$d2022-02-07$oSCO KURT$p20113705$r2021-01-12 00:00:00$w2021-01-12$ySCO
=999  \\$d16326

