=LDR  02686aam a2200241   4500
=001  16333
=005  20250925143303.0
=008  140710s2013\\\\\\\\\\\\\\\\\\\\\\0\eng\d
=020  \\$a9780817318048
=041  \\$aeng
=100  \\$aBarnhart, Bruce$4aut$918152
=245  \\$aJazz in the Time of the Novel:$bThe Temporal Politics of American Race and Culture
=260  \\$aTuscaloosa, AL$bUniversity of Alabama Press$c2013
=300  \\$a252 pages
=520  \\$a"Jazz in the Time of the Novel" argues that a culture's understanding of the concept of time plays a central role in its economic, social, and aesthetic affairs and that a culture arrives at its conception of time through its artistic practices. Bruce Barnhart, in "Jazz in the Time of the Novel, " shows that American culture of the first three decades of the twentieth century was shaped by the kindred rhythms and movements of two particular art forms: jazz and fiction. At the beginning of the twentieth century, widespread changes in America's social, demographic, and economic norms threatened longstanding faith in a unified and inevitable movement towards a better future. As Barnhart shows both jazz and novels of the period address these temporal uncertainties, inserting themselves into arguments about the proper unfolding of an affirmative American future. Barnhart proposes that these two aesthetic forms can be viewed as co-participants in an ongoing discussion about the way in which the future should be imagined and experienced--a discussion symptomatic of the broader exchanges taking place within the many trajectories comprising early twentieth-century American culture. This book includes in-depth approaches to numerous examples of jazz and the novel, including performances by James P. Johnson, Louis Armstrong, Bessie Smith, Duke Ellington, and Ethel Waters, and novels by James Weldon Johnson, F. Scott Fitzgerald, Ernest Hemingway, Gertrude Stein, and Nella Larsen, among others. In addition to the details of specific musical and literary works, "Jazz in the Time of the Novel" offers careful consideration as to how these works impact their social context.
=648  \0$a20th Century (1901-2000)$1http://www.wikidata.org/entity/Q6927$920936
=650  \0$aCuckoo$1http://www.wikidata.org/entity/Q18845$922474
=650  \0$aLiterature$1http://www.wikidata.org/entity/Q8242$94439
=650  \0$aJazz$1http://www.wikidata.org/entity/Q8341$92756
=651  \0$aUSA$1http://www.wikidata.org/entity/Q30$943
=942  \\$cBOO
=952  \\$00$10$2ddc$40$6TOP_US_7_000000000000000$70$8TOP$916349$aORPH$bORPH$cKTS0$d2014-07-10$g37.00$l1$oTOP US 7$p20138950$r2022-06-08 00:00:00$s2021-03-12$w2021-01-12$yBOO
=999  \\$d16333

