=LDR  02432aam a2200205   4500
=001  16335
=005  20250906121749.0
=008  161025s2016\\\\\\\ao\\\\\\\\\\\\\0\eng\d
=020  \\$a9780465034994
=041  \\$aeng
=100  \\$aAlexander, Stephon$4aut$918155
=245  \\$aThe Jazz of Physics:$bThe Secret Link Between Music and the Structure of the Universe
=260  \\$aNew York$bBasic Books$c2016
=300  \\$a254 pages
=520  \\$aMore than fifty years ago, John Coltrane drew the twelve musical notes in a circle and connected them by straight lines, forming a five-pointed star. Inspired by Einstein, Coltrane had put physics and geometry at the core of his music. Physicist and jazz musician Stephon Alexander returns the favor, using jazz to answer physics most vexing questions about the past and future of the universe.

Following the great minds that first drew the links between music and physics - a list including Pythagoras, Kepler, Newton, Einstein, and Rakim - The Jazz of Physics revisits the ancient realm where music, physics, and the cosmos were one. This cosmological journey accompanies Alexanders own tale of struggling to reconcile his passion for music and physics, from taking music lessons as a boy in the Bronx to studying theoretical physics at Imperial College, Londons inner sanctum of string theory. Playing the saxophone and improvising with equations, Alexander uncovered the connection between the fundamental waves that make up sound and the fundamental waves that make up everything else. As he reveals, the ancient poetic idea of the music of the spheres, taken seriously, clarifies confounding issues in physics.

Whether you are more familiar with Brian Greene or Brian Eno, John Coltrane or John Wheeler, the Five Percent Nation or why the universe is less than five percent visible, there is a new discovery on every page. Covering the entire history of the universe from its birth to its fate, its structure on the smallest and largest scales, The Jazz of Physics will fascinate and inspire anyone interested in the mysteries of our universe, music, and life itself.
=650  \0$aJazz$1http://www.wikidata.org/entity/Q8341$92756
=650  \0$aScience$1http://www.wikidata.org/entity/Q7991$921650
=942  \\$cBOO
=952  \\$00$10$2ddc$40$6SCI_ALEX$70$8SCI$916351$aORPH$bORPH$cKM12_1$d2021-12-22$g21.00$l1$m3$oSCI ALEX$p20139446$r2022-09-06 00:00:00$s2021-03-10$w2021-01-12$yBOO
=999  \\$d16335

