=LDR  02174aam a2200241   4500
=001  16339
=005  20251001162234.0
=008  131021s2013\\\\\\\\\\\\\\\\\\\\\\0\mul
=020  \\$a9789058678812
=041  \\$aeng$afre
=100  \\$4aut$aParret, Herman$917316
=245  \\$aJean-Francois Lyotard:$bThe Assassination of Experience by Painting, Monory
=260  \\$aLeuven$bLeuven University Press$c2013
=300  \\$a336 pages
=520  \\$aLyotard met Jacques Monory in 1972, and the text on him published at that time was the first that Lyotard dedicated to contemporary art since Discourse, Figure. Lyotard's interest in the plastic arts thus fits fully within the setting of his political preoccupations. The artist-protagonist stages the recurring motifs that fascinate Lyotard: the scene of the crime, the revolver, the woman, the victim, glaciers, deserts, stars. The atmosphere of the essays on Monory is "Californian." Monory's imaginary repertoire goes well beyond the masters of modernity and is in line rather with a "modern contemporary surrealism." Both Lyotard and Monory live the dilemma of Americanization, the America represented by cinema, fashion, novels, music. It is in this atmosphere that Lyotard and Monory will finally evoke their supreme experience of difference: desire and fear, exultation and a profound malaise. The plastic universe of Monory and the aesthetic meditations of Lyotard are in perfect symbiosis. Sarah Wilson's epilogue thoroughly outlines both the history of a friendship and, at the same time, the intellectual and artistic climate of the 1970s.
=600  \0$1http://www.wikidata.org/entity/Q193257$aLyotard, Jean-François$d1924-1998$916628
=600  \0$1http://www.wikidata.org/entity/Q3159599$aMonory, Jacques$d1924-2018$926363
=648  \0$1http://www.wikidata.org/entity/Q6927$a20th Century (1901-2000)$920936
=650  \0$1http://www.wikidata.org/entity/Q35986$aAesthetics$921494
=651  \0$1http://www.wikidata.org/entity/Q142$aFrance$9131
=942  \\$cBOO
=952  \\$00$10$2ddc$40$6PHI_LYOT_A$70$8PHI$916355$aORPH$bORPH$cKM12_3_2$d2021-08-17$g49.06$oPHI LYOT a$p20133843$r2021-01-12 00:00:00$w2021-01-12$yBOO
=999  \\$d16339

