=LDR  00574aam a2200169   4500
=001  16341
=005  20230123103548.0
=008  181009s2002\\\\\\\\\\\\\\\\\\\\\\0\d/f
=041  \\$ad/f
=100  \\$4Autor$aVriend, Jacques De$918160
=100  \\$4Redaktion$aKeil, Ulrike$918161
=245  \\$aJean Laurent: Stationen im Leben eines Musiker und Pädagogen
=260  \\$aMünchen$bObligat$c2002
=300  \\$a39
=942  \\$cBOO
=952  \\$00$10$2ddc$40$6BIO_LAUR_D$70$8BIO$916357$aORPH$bORPH$cKTS1_P$d2021-10-19$oBIO LAUR d$p20129918$r2021-01-12 00:00:00$w2021-01-12$yBOO
=999  \\$c16341$d16341

