=LDR  01834aam a2200265   4500
=001  16343
=005  20250926134858.0
=008  180618s1970\\\\\\\\\\\\\\\\\\\\\\0\fre
=041  \\$afre$heng
=100  \\$4aut$aGeiringer, Karl$d1899-1989$1http://www.wikidata.org/entity/Q214848$913569
=245  \\$aJean-Sébastien Bach
=260  \\$aParis$bSeuil$c1970
=300  \\$a397 pages
=520  \\$aThis basic, one-volume study of Johann Sebastian Bach combines a sensitive biographical sketch with a detailed analysis of each of his major types of composition, including vocal music, organ music, keyboard music, and instrumental music. In each section, Geiringer thoroughly examines many Bach compositions and evaluates them in relation to the rest of the composer's work, as well as in relation to the music of his contemporaries. More than seventy musical examples enable the reader to understand how Bach worked and to observe his music in various stages of completion. In addition, an interesting aspect of research methods is revealed through an explanation of the techniques used in studying handwriting, paper, and watermarks in the original sources.
=534  \\$cOxford: Oxford University Press, 1966
=600  \0$aBach, Johann Sebastian$d1685-1750$1http://www.wikidata.org/entity/Q1339$94766
=648  \0$a18th Century (1701-1800)$1http://www.wikidata.org/entity/Q7015$920899
=650  \0$aComposer$1http://www.wikidata.org/entity/Q36834$93625
=650  \0$aBiography$1http://www.wikidata.org/entity/Q36279$91927
=651  \0$aGermany$1http://www.wikidata.org/entity/Q183$9155
=700  \\$4trl$aCelli, Rose$918164
=765  \\$aThe Culmination of An Era
=942  \\$cBOO
=952  \\$00$10$2ddc$40$6BIO_BACH1_D$70$8BIO$916359$aORPH$bORPH$cKTS1_P$d2021-09-28$oBIO BACH1 d$p20129636$r2021-01-12 00:00:00$w2021-01-12$yBOO
=999  \\$d16343

