=LDR  00932aam a2200217   4500
=001  16345
=005  20250925143303.0
=008  131126s1950\\\\\\\\\\\\\\\\\\\\\\0\dut
=041  \\$adut
=100  \\$4edt$aVerheyden, Prosper$916247
=245  \\$aJef Van Hoof
=260  \\$aAntwerpen$bDe Crans$c1950
=300  \\$a190 p.
=520  \\$aEen bundel studies en schetsen, verzameld naar aanleiding van zijn aanstaande vijf en zestigste verjaardag op 8 mei 1951.
=648  \0$a20th Century (1901-2000)$1http://www.wikidata.org/entity/Q6927$920936
=650  \0$aBiography$1http://www.wikidata.org/entity/Q36279$91927
=650  \0$aMusic history$1http://www.wikidata.org/entity/Q846047$921373
=651  \0$aFlanders (Belgium)$1http://www.wikidata.org/entity/Q234$989
=942  \\$cBOO
=952  \\$00$10$2ddc$40$6BIO_VANH1_E$70$8BIO$916361$aORPH$bORPH$cKTS1_P$d2021-10-19$oBIO VANH1 e$p20130020$r2021-01-12 00:00:00$w2021-01-12$yBOO
=999  \\$c16345$d16345

