=LDR  01137aam a2200241   4500
=001  16349
=005  20250120120159.0
=008  160701s1906\\\\\\\\\\\\\\\\\\\\\\0\fre
=041  \\$afre
=100  \\$aBoschot, Adolphe$d1871-1955$4aut$1http://www.wikidata.org/entity/Q2824781$916693
=245  \\$aLa jeunesse d'un romantique :$bHector Berlioz 1803-1831, d'après de nombreux documents inédits
=260  \\$aParis$bPlon$c1906
=300  \\$a541 pages
=520  \\$aEtude biographique sur la vie de Hector Berlioz.
=600  \0$aBerlioz, Hector$d1803-1869$1http://www.wikidata.org/entity/Q1151$99542
=648  \0$a19th Century (1801-1900)$1http://www.wikidata.org/entity/Q6955$920935
=650  \0$aComposer$1http://www.wikidata.org/entity/Q36834$93625
=650  \0$aBiography$1http://www.wikidata.org/entity/Q36279$91927
=650  \0$aRomanticism$1http://www.wikidata.org/entity/Q37068$921719
=651  \0$aFrance$1http://www.wikidata.org/entity/Q142$9131
=942  \\$cBOO
=952  \\$00$10$2ddc$40$6BIO_BERL_D$70$8BIO$916365$aORPH$bORPH$cKTS1_P$d2021-11-23$l1$oBIO BERL d$p20130213$r2022-02-08 00:00:00$s2022-02-03$w2021-01-12$yBOO
=999  \\$d16349

