=LDR  01980aam a2200313   4500
=001  16359
=005  20250613104709.0
=008  120516s2009\\\\\\\\\\\\\\\\\\\\\\0bdut\d
=020  \\$a979089310774
=041  \\$adut
=100  \\$4aut$aVande Moortele, Steven$918193
=245  \\$aJohannes Brahms
=260  \\$aGent$bBorgerhoff & Lamberigts$c2009
=300  \\$a133
=490  \\$aConcertgebouwcahiers
=520  \\$aSamen met vijf andere musicologen schreef Steven Vande Moortele een toegankelijke gids over Johannes Brahms. Het oeuvre van de componist wordt er niet alleen systematisch per genre besproken, maar ook in een ruimere cultuurhistorische en biografische context gesitueerd. De auteurs gaan na wat Brahms van zijn directe voorbeelden Beethoven, Schubert en Schumann leerde en van oude meesters als Bach en Schütz. Bovendien analyseren ze hoe zijn even doorwrochte als verinnerlijkte muziek, niet minder dan de muziek van zijn tijdgenoot en zogezegde tegenpool Wagner, naar de toekomst vooruitwijst.
=600  \0$aBrahms, Johannes$d1833-1897$1http://www.wikidata.org/entity/Q7294$918198
=648  \0$a19th Century (1801-1900)$1http://www.wikidata.org/entity/Q6955$920935
=650  \0$aComposer$1http://www.wikidata.org/entity/Q36834$93625
=650  \0$aBiography$1http://www.wikidata.org/entity/Q36279$91927
=650  \0$aInfluence$1http://www.wikidata.org/entity/Q1307337$1http://www.wikidata.org/entity/Q16578639$922289
=651  \0$aGermany$1http://www.wikidata.org/entity/Q183$9155
=700  \\$aBergé, Pieter$1http://www.wikidata.org/entity/Q102322746$4aut$915991
=700  \\$aBoucquet, Kristof$1http://www.wikidata.org/entity/Q53097756$4aut$916620
=700  \\$aBossuyt, Ignace$1http://www.wikidata.org/entity/Q2419781$4aut$916619
=700  \\$aChristiaens, Jan$4aut$916621
=942  \\$cBOO
=952  \\$00$10$2ddc$40$6BIO_BRAH_C$70$8BIO$911632$aORPH$bORPH$cKTS1_P$d2021-01-12$oBIO BRAH c$p20129705$r2021-01-12 00:00:00$w2021-01-12$yBOO$OOrpheus
=999  \\$d16359

