=LDR  01238aam a2200277   4500
=001  16360
=005  20250120120522.0
=008  180214s2006\\\\\\\\\\\\\\\\\\\\\\0\ger
=020  \\$a9783795212063
=041  \\$ager
=100  \\$aBiba, Otto$d1946-$1http://www.wikidata.org/entity/Q2038263$4edt$918196
=245  \\$aJohannes Brahms als Pianist und Dirigent:$bChronologie seines Wirkens als Interpret
=260  \\$aTutzing$bSchneider$c2006
=300  \\$a400 pages
=600  \0$aBrahms, Johannes$d1833-1897$1http://www.wikidata.org/entity/Q7294$918198
=648  \0$a19th Century (1801-1900)$1http://www.wikidata.org/entity/Q6955$920935
=650  \0$aComposer$1http://www.wikidata.org/entity/Q36834$93625
=650  \0$aPianist$1http://www.wikidata.org/entity/Q486748$92959
=650  \0$aConductor$1http://www.wikidata.org/entity/Q158852$93134
=650  \0$aChronology$1http://www.wikidata.org/entity/Q130788$922826
=651  \0$aGermany$1http://www.wikidata.org/entity/Q183$9155
=700  \\$aHofmann, Renate$4aut$918194
=700  \\$aHofmann, Kurt$4aut$918195
=942  \\$cBOO
=952  \\$00$10$2ddc$40$6BIO_BRAH_E$70$8BIO$916376$aORPH$bORPH$cKTS1_P$d2021-10-19$g59.00$oBIO BRAH e$p20129563$r2021-01-12 00:00:00$w2021-01-12$yBOO
=999  \\$d16360

