=LDR  00681aam a2200181   4500
=001  16363
=005  20250120120130.0
=008  191003s1991\\\\\\\\\\\\\\\\\\\\\\0\d
=020  \\$a3889790518
=041  \\$ager
=100  \\$4aut$aKreutziger-Herr, Annette$918200
=245  \\$aJohannes Ciconia (ca. 1370-1412): Komponieren in einer Kultur des Wortes
=260  \\$aHamburg - Eisenach$bVerlag der Musikalienhandlung Karl Dieter Wagner$c1991
=300  \\$a320
=490  \\$aHamburger Beiträge zur Musikwissenschaft$v39
=942  \\$cBOO
=952  \\$00$10$2ddc$40$6BIO_CICO_D$70$8BIO$916379$aORPH$bORPH$cKTS1_P$d2021-10-19$oBIO CICO d$p20129660$r2021-01-12 00:00:00$w2021-01-12$yBOO
=999  \\$c16363$d16363

