=LDR  00535aam a2200157   4500
=001  16374
=005  20250120120130.0
=008  150702s1957\\\\\\\\\\\\\\\\\\\\\\0\f
=041  \\$afre
=100  \\$aFederhofer-Königs, Renate$4aut$918208
=245  \\$aJohannes Oridryus und sein musiktraktat (Düsseldorf 1557)
=260  \\$aKöln$bArno Volk-verlag$c1957
=300  \\$a296
=942  \\$cBOO
=952  \\$00$10$2ddc$40$6BIO_ORID_E$70$8BIO$916390$aORPH$bORPH$cKTS1_P$d2021-10-19$oBIO ORID e$p20129941$r2021-01-12 00:00:00$w2021-01-12$yBOO
=999  \\$c16374$d16374

