=LDR  01910aam a2200181   4500
=001  16383
=005  20250120120130.0
=008  171024s2014\\\\\\\\\\\\\\\\\\\\\\0\d
=020  \\$a9783732302260
=041  \\$ager
=100  \\$4aut$aSiegele, Ulrich$918213
=245  \\$aJohann Sebastian Bach komponiert Zeit: Tempo und Dauer in seiner Musik: Band 1: Grundlegung und Goldberg-Variationen
=260  \\$aHamburg$bTredition HmbH$c2014
=300  \\$a319
=520  \\$aIn welchem Tempo hat Johann Sebastian Bach seine eigenen Musikstücke gespielt und aufgeführt?
Das Buch gibt eine Antwort darauf  erstmals ausschließlich auf der Grundlage von Bachs eigenen Aussagen, nämlich den Partituren seiner Kompositionen. Die Analyse von Bachs Werken zeigt, dass sich jede Komposition einem Satztypus zuordnen lässt, der wiederum in Verbindung zu absolut fixierten Tempostufen steht. Bei den Goldberg-Variationen sah Bach als Dauer der Aria und der 30 Variationen mit allen Wiederholungen genau 90 Minuten vor, geteilt in zwei Hälften von je 45 Minuten.
Für Musiker, Musikwissenschaftler und Komponisten bietet dieses Buch einen einmaligen Einblick in Bachs Kompositionswerkstatt: Die Goldberg-Variationen belegen sein kompositorisches und formales Denken sowie die sorgfältige Anlage seiner Werke in genauen zeitlichen Dispositionen und gewähren zugleich Einblick in seine eigene Aufführungspraxis. Zusätzlich zur Analyse der einzelnen Stücke werden die Goldberg-Variationen in den politischen und gesellschaftlichen Kontext ihrer Entstehung eingeordnet. Dadurch erhält der Leser nicht nur Einblick in das kompositorische Denken Johann Sebastian Bachs, sondern auch in Beziehungen, die er zu führenden politischen Persönlichkeiten seiner Zeit unterhielt.
=942  \\$cBOO
=952  \\$00$10$2ddc$40$70$8COLL_UNK$916399$aORPH$bORPH$cLOC_UNK$d2021-11-16$g31.00$p20134437$r2021-01-12 00:00:00$w2021-01-12$yBOO
=999  \\$c16383$d16383

