=LDR  02831aam a2200265   4500
=001  16384
=005  20250926134858.0
=008  111115s2002\\\\\\\\\\\\\\\\\\\\\\0beng\d
=020  \\$a9780199248841
=041  \\$aeng
=100  \\$aWolff, Christoph$d1940-$4aut$1http://www.wikidata.org/entity/Q66488$910387
=245  \\$aJohann Sebastian Bach:$bThe Learned Musician
=260  \\$aOxford$bOxford University Press$c2002
=300  \\$a599 pages
=520  \\$aFinalist for the 2001 Pulitzer Prize in Biography. A landmark biography of Bach on the 250th anniversary of the composer's death, written by the leading Bach scholar of our age.

Although we have heard the music of J. S. Bach in countless performances and recordings, the composer himself still comes across only as an enigmatic figure in a single familiar portrait. As we mark the 250th anniversary of Bach's death, author Christoph Wolff presents a new picture that brings to life this towering figure of the Baroque era. This engaging new biography portrays Bach as the living, breathing, and sometimes imperfect human being that he was, while bringing to bear all the advances of the last half-century of Bach scholarship. Wolff demonstrates the intimate connection between the composer's life and his music, showing how Bach's superb inventiveness pervaded his career as musician, composer, performer, scholar, and teacher. And throughout, we see Bach in the broader context of his time: its institutions, traditions, and influences. With this highly readable book, Wolff sets a new standard for Bach biography. 

"A monumental work that must find its way into the library of every musician and every dedicated lover of music."?Isaac Stern 
"It's unlikely that anyone will fashion a finer tribute to [Bach's] genius."?Los Angeles Times Book Review 
"A magisterial biographical portrait...necessarily learned, but also user-friendly, helpful and entertainingly informative."?Chicago Tribune
"Likely to be the standard one-volume Bach biography for some time to come."?New York Review of Books 
"A work of clarity worthy of its subject and his music."?Wall Street Journal
=534  \\$cNew York: Norton, 2000
=600  \0$aBach, Johann Sebastian$d1685-1750$1http://www.wikidata.org/entity/Q1339$94766
=648  \0$a17th Century (1601-1700)$1http://www.wikidata.org/entity/Q7016$920923
=648  \0$a18th Century (1701-1800)$1http://www.wikidata.org/entity/Q7015$920899
=650  \0$aComposer$1http://www.wikidata.org/entity/Q36834$93625
=650  \0$aBiography$1http://www.wikidata.org/entity/Q36279$91927
=651  \0$aGermany$1http://www.wikidata.org/entity/Q183$9155
=942  \\$cBOO
=952  \\$00$10$2ddc$40$6BIO_BACH1_D_RESERVE$70$8BIO$916400$aORPH$bORPH$cKTS1_P$d2022-09-08$g18.00$l0$oBIO BACH1 d (Reserve)$p20110120$r2021-01-12 00:00:00$w2021-01-12$yBOO
=999  \\$d16384

