=LDR  00962aam a2200181   4500
=001  16389
=005  20230123103554.0
=008  180301s2016\\\\\\\\\\\\\\\\\\\\\\0\dut
=041  \\$adut
=100  \\$aBrouwer, Jacob Koenraad Geert$4aut$918215
=245  \\$aJohan van Meurs: een studie over een pionierend orgeladviseur$n1-2/2
=260  \\$aThe Hague$c2016
=300  \\$a2 vols. (333+166 pages)
=520  \\$aProefschrift ter verkrijging van de graad van Doctor aan de Universiteit Leiden op gezag van de Rector Magnificus prof. mr. C.J.J.M. Stolker, volgens besluit van het College voor promoties te verdedigen op 8 juni 2016.
=942  \\$cDIS
=952  \\$00$10$2ddc$40$6MTP_5_000000000000000_BROU$70$8MTP$916406$aORPH$bORPH$cKM12_1$d2021-08-30$oMTP5 BROU$p20131339$r2021-01-12 00:00:00$w2021-01-12$yDIS
=952  \\$00$10$2ddc$40$6MTP_5_000000000000000_BROU$70$8MTP$916407$aORPH$bORPH$cKM12_1$d2021-08-30$oMTP5 BROU$p20131338$r2021-01-12 00:00:00$w2021-01-12$yDIS
=999  \\$d16389

