=LDR  02696ajm a2200253   4500
=001  16392
=005  20250925143303.0
=008  161202s\\\\\\\\\\\\\\\\\\\\\\\\\\0\eng\d
=041  \\$aeng
=100  \\$4cmp$aCage, John$d1912-1992$1http://www.wikidata.org/entity/Q180727$916600
=245  \\$aFreeman Etudes
=260  \\$aNew York, NY$bMode Records$c1993
=300  \\$a3-CD
=520  \\$aJohn Cage's Freeman Etudes are the modern equivalent of Paganini's virtuoso solo violin etudes. Each etude is completely notated down to the smallest detail, and the composer states "...are as intentionally as difficult as I can make them...So I think that this music, which is almost impossible, gives an instance of the practicality of the impossible." The detail and complexity of these etudes give them a unique and unusual spot in Cage's oeuvre.

These first two books (there are 8 etudes per book) were composed between 1977 and 1980 with the help of Paul Zukofsky, who answered Cage's questions about what was (and wasn't) possible to play on the violin. Cage also composed the 17th Etude in 1980, but abandoned writing the remaining fifteen, believing them to be "almost impossible" music. They were abandoned until 1990, that is, when Cage heard Irvine Arditti's remarkable rendition of the first 16 Etudes. Once again, Cage had the inspiration and the impetus to complete the last two books, which Arditti has recorded on mode 37.

A goal of the Etudes is to make each one the same duration: as fast as one can play the most difficult Etude with accuracy. Arditti's performances are at blistering speed and center around three minutes per Etude, far faster than any other recorded version.

Mode had the pleasure to record the first 2 books under Cage's extremely pleased and helpful supervision. The booklet contains photos from the recording session.

Liner notes are by Cage scholar James Pritchett, who helped Cage with the materials to complete books 3 & 4 of the Etudes.
=648  \0$a20th Century (1901-2000)$1http://www.wikidata.org/entity/Q6927$920936
=650  \0$aÉtude$1http://www.wikidata.org/entity/Q207841$924650
=650  \0$aViolin$1http://www.wikidata.org/entity/Q8355$92783
=651  \0$aUSA$1http://www.wikidata.org/entity/Q30$943
=700  \\$aArditti, Irvine$1http://www.wikidata.org/entity/Q5558767$4prf$918217$eViolin
=942  \\$cREC
=952  \\$00$10$40$70$8REC$916410$aORPH$bORPH$cKM12_2_B$d2021-01-12$l0$r2021-01-12 00:00:00$w2021-01-12$yREC
=952  \\$00$10$40$70$8REC$916411$aORPH$bORPH$cKM12_2_B$l0$p20116348$r2021-01-12 00:00:00$w2021-01-12$yREC
=952  \\$00$10$40$70$8REC$916412$aORPH$bORPH$cKM12_2_B$l0$p20116349$r2021-01-12 00:00:00$w2021-01-12$yREC
=999  \\$d16392

