=LDR  03629ajm a2200241   4500
=001  16396
=005  20250925143303.0
=008  130528s2013\\\\\\\\\\\\\\\\\\\\\\0\eng
=020  \\$a76459302539
=041  \\$aeng
=100  \\$4cmp$aCage, John$d1912-1992$1http://www.wikidata.org/entity/Q180727$916600
=245  \\$aThe Work for Organ
=260  \\$aNew York$bMode$c2013
=490  \\$aThe Complete John Cage Edition$v47
=520  \\$aSome of The Harmony of Maine (Supply Belcher) (1978) 41:33
Souvenir (1983) 6:50
ASLSP (1985) 23:02
Organ2/ASLSP (1987) 32:56

Bonus Track on DVD only:
433 (1952) 6:16


This release is the first complete recording of all of Cages works for organ, plus 4'33" (on the DVD version only).

The organ is ideally suited to Cages aesthetic  its multitude of stops make it the ultimate prepared instrument. The fact that sound emanates from a number of pipes placed at discrete locations in space nicely accords with Cages idea of the separation of sounds in space. And it represents vast possibilities that could be released as sound through the use of chance operations. For this reason Cages organ music occupies a small but quite important place within his output.

For Some of The Harmony of Maine Cage selected 18th-century American hymns by Supply Belcher and altered them by extending certain tones and removing others through chance operations so as to attenuate the functional harmony underlying them. Here and there, melodic fragments from the original hymns remain.

ASLSP and Organ2/ASLSP are wonderful explorations of sound written for the German organist Gerd Zacher, an important champion of new music.

Souvenir is an unusual work for Cage from 1984. After receiving half of the commission fee from the American Guild of Organists, he learned that they wanted him to make a piece that was similar to the 1948 piano composition Dream. Never one to repeat himself literally, he returned the commission fee, but it was remailed to him with assurances that he could make whatever kind of piece he wished. Thus liberated, he decided to comply with the original request, and so Souvenir is a melodious work with repetitions yet with the intrusions of harsh tone clusters, which make it something new.

American organist Gary Verkade, a Zacher student, is on the faculty of the Musikhögskola in Piteå, Sweden. He has appeared at major festivals and concerts throughout Europe and the USA. Verkade was one of the registrants in the first German performance of Some of The Harmony of Maine.

The DVD allows the listener to enjoy the sounds of the spectacular organ and its acoustic in surround sound while viewing Tim Chus painterly films of the organist with the up to six registrants needed for some of the pieces.

Includes trilingual booklet with essay by Rob Haskins.

 
DVD FEATURES: 
BONUS interview with Gary Verkade, discussing performing Cage on the organ, how chance is applied to the performances and musical examples (31 minutes).

5.1 Dolby and 24-bit DTS surround sound options plus dedicated stereo mix.
=648  \0$a20th Century (1901-2000)$1http://www.wikidata.org/entity/Q6927$920936
=650  \0$aOrgan music$1http://www.wikidata.org/entity/Q2003283$91951
=651  \0$aUSA$1http://www.wikidata.org/entity/Q30$943
=700  \\$4prf$aVerkade, Gary$eOrgan$918218
=942  \\$cREC
=952  \\$00$10$2ddc$3CD 1$40$70$8REC$916413$aORPH$bORPH$cKM12_2_B$d2021-11-30$g29.98$p20113727$r2021-01-12 00:00:00$w2021-01-12$x2 CD's$yREC
=952  \\$00$10$2ddc$3CD 2$40$70$8REC$916414$aORPH$bORPH$cKM12_2_B$d2021-11-30$g19.00$p20113730$r2021-01-12 00:00:00$w2021-01-12$x2 CD's$yREC
=999  \\$d16396

