=LDR  00509aam a2200157   4500
=001  16407
=005  20250120120009.0
=008  171012s\\\\\\\\\\\\\\\\\\\\\\\\\\0\d
=041  \\$ager
=100  \\$4Redaktion$aWeiss, Robert Michael$915719
=245  \\$aJosef Matthias Hauer
=260  \\$aWien$bKulturamt der Stadt Wiener Neustadt
=300  \\$a15
=942  \\$cBOO
=952  \\$00$10$2ddc$40$6BIO_HAUE_A$70$8BIO$916425$aORPH$bORPH$cKTS1_P$d2021-10-19$oBIO HAUE a$p20129915$r2021-01-12 00:00:00$w2021-01-12$yBOO
=999  \\$c16407$d16407

