=LDR  01084aam a2200193   4500
=001  16412
=005  20250120120046.0
=008  191003s1976\\\\\\\\\\\\\\\\\\\\\\0\e
=020  \\$a0193152290
=041  \\$ae
=100  \\$4Editor$aLowinsky, Edward E.$d1908-1985$1http://www.wikidata.org/entity/Q1292900$912486
=100  \\$4Editor$aBlackburn, Bonnie J.$912487
=245  \\$aJosquin des Prez
=260  \\$aLondon$bOxford university press$c1976
=300  \\$a787
=520  \\$aThis volume constitutes the report of the 1971 International Josquin Festival Conference held at the Julliard School of Music in New York City. The papers assembled this collection are an elegant tribute to the study of Josquin and address biographical information, source studies, style and analysis, studies on genres, individual works, performance practice, performance and interpretation, and problems in editing Josquin's music.
=942  \\$cBOO
=952  \\$00$10$2ddc$3CD : 3$40$6BIO_JOSQ_D$70$8BIO$916430$aORPH$bORPH$cKTS1_P$d2021-10-19$oBIO JOSQ d$p20130096$r2021-01-12 00:00:00$w2021-01-12$yBOO
=999  \\$c16412$d16412

