=LDR  00474aam a2200145   4500
=001  16418
=005  20230123103557.0
=008  150521s1935\\\\\\\\\\\\\\\\\\\\\\0\\\\
=100  \\$aMarcel, Gabriel$4aut$918233
=245  \\$aJournal métaphysique
=260  \\$aParis$bLibrairie Gallimard$c1935
=300  \\$a342
=942  \\$cBOO
=952  \\$00$10$2ddc$40$6PHI_MARC_A$70$8PHI$916436$aORPH$bORPH$cKM12_3_2$d2021-08-02$oPHI MARC a$p20132842$r2021-01-12 00:00:00$w2021-01-12$yBOO
=999  \\$c16418$d16418

