=LDR  01493aam a2200241   4500
=001  16419
=005  20250120120239.0
=008  140226s2012\\\\\\\\\\\\\\\\\\\\\\e\eng\d
=020  \\$a9781137275479
=041  \\$aeng
=100  \\$aMartin, William$4aut$918234
=245  \\$aJoyce and the Science of Rhythm
=260  \\$aNew York$bPalgrave Macmillan$c2012
=300  \\$a223 pages
=336  \\$aprinted
=490  \\$aNew directions in Irish American Literature
=520  \\$aJoyce and the Science of Rhythm situates the modernist writings of James Joyce within the context of the scientific discourse on 'rhythm' that emerged in the late nineteenth century. Drawing on a number of new sources, each chapter focuses on a particular aspect of rhythm, including the meters of Chamber Music, the dialogues of Dubliners, the narrative 'tension' of Joyce's Portrait and the periodic movements of city in Ulysses. Concluding with an analysis of Joyce recording the Wake, this book will interest those working in the fields of Joyce studies, Irish studies, prosody and literary modernism.
=600  \0$aJoyce, James$d1882-1941$1http://www.wikidata.org/entity/Q6882$911904
=650  \0$aLinguistics$1http://www.wikidata.org/entity/Q8162$93902
=650  \0$aLiterature$1http://www.wikidata.org/entity/Q8242$94439
=942  \\$cBOO
=952  \\$00$10$2ddc$40$6LIT_MART_B$70$8LIT$916437$aORPH$bORPH$cKM12_2_H$d2014-02-17$g70.00$l1$oLIT MART b$p20138980$r2022-04-07 00:00:00$s2021-03-12$w2021-01-12$yBOO
=999  \\$d16419

