=LDR  00916aam a2200217   4500
=001  16421
=005  20250926134858.0
=008  131113s1953\\\\\\\\\\\\\\\\\\\\\\0\fre
=041  \\$afre$hger
=100  \\$aSchweitzer, Albert$d1875-1965$4aut$1http://www.wikidata.org/entity/Q49325$914004
=245  \\$aJ. S. Bach :$bLe musicien-poéte
=260  \\$aLausanne$bFoetisch$c1953
=300  \\$a300 pages
=600  \0$aBach, Johann Sebastian$d1685-1750$1http://www.wikidata.org/entity/Q1339$94766
=648  \0$a18th Century (1701-1800)$1http://www.wikidata.org/entity/Q7015$920899
=650  \0$aComposer$1http://www.wikidata.org/entity/Q36834$93625
=651  \0$aGermany$1http://www.wikidata.org/entity/Q183$9155
=765  \\$a.S. Bach: Musiker und Dichter
=942  \\$cBOO
=952  \\$00$10$2ddc$40$6BIO_BACH1_D$70$8BIO$916440$aORPH$bORPH$cKTS1_P$d2021-09-28$oBIO BACH1 d$p20129629$r2021-01-12 00:00:00$w2021-01-12$yBOO
=999  \\$d16421

