=LDR  02383aam a2200217   4500
=001  16422
=005  20250926134858.0
=008  180618s1904\\\\\\\\\\\\\\\\\\\\\\0\fre
=041  \\$afre
=100  \\$aSchweitzer, Albert$d1875-1965$4aut$1http://www.wikidata.org/entity/Q49325$914004
=245  \\$aJ. S. Bach :$bLe musicien-poéte
=260  \\$aLeipzig$bBreitkopf & Härtel$c1904
=300  \\$a450 pages
=520  \\$aAlbert Schweitzer, (born Jan. 14, 1875, Kaysersberg, Upper Alsace, Ger. [now in France]died Sept. 4, 1965, Lambaréné, Gabon), Alsatian-German theologian, philosopher, organist, and mission doctor in equatorial Africa, who received the 1952 Nobel Prize for Peace for his efforts in behalf of the Brotherhood of Nations.

The eldest son of a Lutheran pastor, Schweitzer studied philosophy and theology at the University of Strasbourg, where he took the doctors degree in philosophy in 1899. At the same time, he was also a lecturer in philosophy and a preacher at St. Nicholas Church, and the following year he received a doctorate in theology. His book Von Reimarus zu Wrede (1906; The Quest of the Historical Jesus) established him as a world figure in theological studies. In this and other works he stressed the eschatological views (concerned with the consummation of history) of Jesus and St. Paul, asserting that their attitudes were formed by expectation of the imminent end of the world.

During these years Schweitzer also became an accomplished musician, beginning his career as an organist in Strasbourg in 1893. Charles-Marie Widor, his organ teacher in Paris, recognized Schweitzer as a Bach interpreter of unique perception and asked him to write a study of the composers life and art. The result was J.S. Bach: le musicien-poète (1905). In this work Schweitzer viewed Bach as a religious mystic and likened his music to the impersonal and cosmic forces of the natural world.
=600  \0$aBach, Johann Sebastian$d1685-1750$1http://www.wikidata.org/entity/Q1339$94766
=648  \0$a18th Century (1701-1800)$1http://www.wikidata.org/entity/Q7015$920899
=650  \0$aComposer$1http://www.wikidata.org/entity/Q36834$93625
=651  \0$aGermany$1http://www.wikidata.org/entity/Q183$9155
=942  \\$cBOO
=952  \\$00$10$2ddc$40$6BIO_BACH1_D$70$8BIO$916441$aORPH$bORPH$cKTS1_P$d2021-09-28$oBIO BACH1 d$p20129630$r2021-01-12 00:00:00$w2021-01-12$yBOO
=999  \\$d16422

