=LDR  00543aam a2200157   4500
=001  16423
=005  20250120120131.0
=008  170213s1926\\\\\\\\\\\\\\\\\\\\\\0\f
=041  \\$afre
=100  \\$aSouriau, Michel$918236
=245  \\$aLe jugement réfléchissant dans la philosophie critique de Kant
=260  \\$aParis$bLibrairie Félix Alcan$c1926
=300  \\$a139
=942  \\$cDIS
=952  \\$00$10$2ddc$40$6PHI_KANT_B_SOUR$70$8PHI$916442$aORPH$bORPH$cKM12_3_2$d2021-08-02$oPHI KANT b SOUR$p20132820$r2021-01-12 00:00:00$w2021-01-12$yDIS
=999  \\$c16423$d16423

