=LDR  01899aam a2200217   4500
=001  16428
=005  20250120120131.0
=008  111025s2001\\\\\\\\\\\\\\\\\\\\\\0\ger
=020  \\$a3770152670
=041  \\$ager
=100  \\$4aut$aKagel, Mauricio$d1931-2008$1http://www.wikidata.org/entity/Q178293$916378
=245  \\$aKagel:$bDialoge, Monologe
=260  \\$aKöln$bDuMont$c2001
=300  \\$a352 pages
=520  \\$aMauricio Kagel wurde mit dem Nobelpreis der Musik - dem Ernst von Siemens Musikpreis 2000 geehrt. Er ist unter den großen Komponisten der Gegenwart der vielseitigste. Kagel ist auch Dirigent, Regisseur und Librettist. Sein Werk umfasst zahlreiche musikalische Gattungen, aber auch Filme und Hörspiele. Im Gespräch gibt der weltweit gefeierte Komponist Auskunft über seine künstlerische Entwicklung und seine Ansichten. 
Ausgehend von biographischen Erfahrungen Kagels, berühren die Dialoge das Judentum und die Literatur, das Verhältnis von Film und Fernsehen, Rundfunk und Schallplatte und gehen Fragen der Komposition, des Hörens und der Bedeutung von Musik und Theater nach. 
Mauricio Kagel reflektiert die eigene Arbeit vor dem Hintergrund der musik- und kulturgeschichtlichen Entwicklung der vergangenen fünfzig Jahre. Damit liegt erstmals die Rückschau auf das Leben dieses ungemein produktiven Künstlers vor. Ergänzt werden die Gespräche durch Texte und Libretti Kagels aus der Ze it zwischen 1991 und 2001.
=650  \0$aMusic criticism$1http://www.wikidata.org/entity/Q11748889$921598
=700  \\$4edt$aKlüppelholz, Werner$918240
=942  \\$cBOO
=952  \\$00$10$2ddc$40$6TRE_KAGE$70$8TRE$916447$aORPH$bORPH$cKTS1_H$l0$oTRE KAGE$p20134859$r2021-01-12 00:00:00$w2021-01-12$yBOO
=952  \\$00$10$2ddc$40$6TRE_KAGE$70$8TRE$920290$aORPH$bORPH$cKTS1_H$d2021-06-22$l1$oTRE KAGE$p20131258$q2021-12-24$r2021-06-29 00:00:00$s2021-06-29$w2021-01-12$yBOO
=999  \\$c16428$d16428

