=LDR  01198aam a2200181   4500
=001  16431
=005  20251009081721.0
=008  120503s1998\\\\\\\\\\\\\\\\\\\\\\0\d
=020  \\$a9783761820063
=041  \\$ager
=100  \\$4edt$aAllihn, Ingeborg$918243
=245  \\$aKammermusikführer
=260  \\$aWeimar$bBärenreiter - Metzler$c1998
=300  \\$a706 pages
=520  \\$aVon Haydn bis zu zeitgenössischen Komponisten: Zuverlässig und präzise gibt die Autorin Auskunft über die wichtigsten Komponisten und Werke der Gattung. Jeder der 145 behandelten Komponisten wird mit Kurzbiografie und Werkverzeichnis eingeführt, anschließend sein kammermusikalisches Schaffen gattungsgeschichtlich eingeordnet. Besprechungen ausgewählter Werke, häufig mit Notenbeispielen, ergeben einen repräsentativen Überblick über Entwicklungen, Brüche und Wandlungen dieser facettenreichen Gattung in den letzten 250 Jahren. Ein unverzichtbarer Begleiter für professionell Interessierte und Konzertliebhaber gleichermaßen.
=942  \\$cBOO$2ddc
=952  \\$00$10$2ddc$40$6GEN_12_000000000000000$70$8GEN$916450$aORPH$bORPH$cKM12_1$d2021-08-17$oGEN12$p20135390$r2021-01-12 00:00:00$w2021-01-12$yBOO
=999  \\$c16431$d16431

