=LDR  01234aam a2200193   4500
=001  16436
=005  20250120120014.0
=008  130820s1982\\\\\\\\\\\\\\\\\\\\\\0\e
=020  \\$a9780192801999
=041  \\$aeng
=100  \\$aScruton, Roger$4aut$915793
=245  \\$aKant
=260  \\$aOxford$bOxford university press$c1982
=300  \\$a141
=520  \\$aKant is arguably the most influential modern philosopher, but also one of the most difficult. Roger Scruton tackles his exceptionally complex subject with a strong hand, exploring the background to Kant's work and showing why the Critique of Pure Reason has proved so enduring. 

ABOUT THE SERIES: The Very Short Introductions series from Oxford University Press contains hundreds of titles in almost every subject area. These pocket-sized books are the perfect way to get ahead in a new subject quickly. Our expert authors combine facts, analysis, perspective, new ideas, and enthusiasm to make interesting and challenging topics highly readable.
=490  \\$aVery short introductions$v50
=942  \\$cBOO
=952  \\$00$10$2ddc$40$6PHI_KANT_B_SCRU$70$8PHI$916455$aORPH$bORPH$cKM12_3_2$d2021-08-05$g9.00$oPHI KANT b SCRU$p20133148$r2021-01-12 00:00:00$w2021-01-12$yBOO
=999  \\$c16436$d16436

