=LDR  00511aam a2200157   4500
=001  16451
=005  20250120120054.0
=008  170131s1952\\\\\\\\\\\\\\\\\\\\\\0\d
=041  \\$ager
=100  \\$4aut$aMenzer, Paul$916882
=245  \\$aKants Ästhetik in ihrer Entwicklung
=260  \\$aBerlin$bAkademie Verlag$c1952
=300  \\$a210
=942  \\$cBOO
=952  \\$00$10$2ddc$40$6PHI_KANT_B_MENZ$70$8PHI$916470$aORPH$bORPH$cKM12_3_2$d2021-08-04$oPHI KANT b MENZ$p20132994$r2021-01-12 00:00:00$w2021-01-12$yBOO
=999  \\$c16451$d16451

