=LDR  00509aam a2200157   4500
=001  16469
=005  20250120120102.0
=008  130128s1968\\\\\\\\\\\\\\\\\\\\\\0\d
=041  \\$ad
=100  \\$aKant, Immanuel$d1724-1804$4aut$1http://www.wikidata.org/entity/Q9312$917146
=245  \\$aKants Werke: Band IV
=260  \\$aBerlin$bWalter de Gruyter & Co$c1968
=300  \\$a565
=942  \\$cBOO
=952  \\$00$10$40$70$8COLL_UNK$916489$aORPH$bORPH$cLOC_UNK$d2021-01-12$l0$r2021-01-12 00:00:00$w2021-01-12$yBOO
=999  \\$c16469$d16469

