=LDR  04629aam a2200217   4500
=001  16493
=005  20250120120049.0
=008  120127s2009\\\\\\\\\\\\\\\\\\\\\\0\f
=020  \\$a9789058677563
=041  \\$af
=041  \\$ae
=100  \\$aLyotard, Jean-François$d1924-1998$4aut$916628
=245  \\$aKarel Appel: Un geste de couleur / A Gesture of Colour
=260  \\$aLeuven$bLeuven University Press$c2009
=300  \\$a272
=520  \\$aKarel Appel. Un geste de couleur est le premier d'une série de cinq volumes réunissant les écrits les plus importants de Jean-François Lyotard (1924 - 1998) sur l'art contemporain et les artistes. Le livre qu'il a consacré à l'art de Karel Appel (1921 - 2006) est sans doute un texte parmi les plus achevés et les plus inspirés de tous les ecrits inclus dans la série. Ni le manuscrit original en français ni la traduction en anglais n'ont jamais été publiés, et leur présentation face à face devrait constituer une plus-value considérable.

Dans ce livre, Lyotard présente le matiérisme de Karel Appel comme offre de présence, présence différée - c'est du visuel où tout prédicat est suspendu, du visuel touché, « geste » de couleur plus que propriété de couleur, apparition qui se tient au bord de l'abîme. L'épilogue de Christine Buci-Glucksmann situe la position de Karel Appel. Un geste de couleur dans l'ensemble des écrits sur l'art de Lyotard, en prenant en compte également l'oeuvre ultérieure du philosophe.


--------------

Jean-François Lyotard est très connu et plus particulièrement pour ses opinions sur la réflexion postmoderniste et son impact sur la société. Le langage philosophique spécifique de Lyotard reflète l'utilisation du langage d'une part et l'utilisation volontaire d'un style subtile en vue d'aborder des thèmes contemporains éthiques et spécifiques d'autre part. Ses essais, ses réflexions et ses impressions sur les artistes contemporains représentent une partie particulièrement intéressante de son ?uvre.

La série Jean-François Lyotard : Ecrits sur l'art contemporain et les artistes / Writings on Contemporary Art and Artists est constituée de sept volumes offrant une collection complète des écrits de Lyotard concernant l'art contemporain et les artistes, dont certains n'ont fait l'objet d'une publication qu'en allemand, en français ou en anglais. D'autres écrits, issus des archives personnelles de Lyotard, sont ici publiés pour la première fois. Les cinq volumes de Leuven comprennent les textes français originaux accompagnés d'une traduction anglaise en vis-à-vis. Cette présentation côte à côte des textes français et de leur traduction anglaise permettra d'initier un vaste public anglophone à la manière intrigante que Lyotard utilise pour approcher les artistes et leur travail. Les textes sont accompagnés d'illustrations des ?uvres abordées. Les préfaces de tous les volumes sont écrites par H. Parrett et leurs épilogues par un autre expert de Lyotard.

----------------


Jean-François Lyotard is well-known especially for his views on postmodern thinking and its impact on society. Lyotard's anguage-specific philosophy both refl ects on the use of language and uses a consciously subtle style to approach contemporary ethical and aesthetic themes. His essays, reflections and impressions on contemporary artists represent a particularly interesting part of his work.

The series Jean-François Lyotard: Ecrits sur l'art contemporain et les artistes / Writings on Contemporary Art and Artists consists of seven volumes that offer a complete collection of all the writings by Lyotard concerning contemporary art and artists, some of which have been published only in German, French or English. Others, from Lyotard's personal archive, are being published here for the first time. Leuven's six volumes include the complete original French texts along with English translations on facing pages. The parallel presentation of both the French text and the English translation will introduce a wide English-speaking public to the intriguing manner in which Lyotard approached the artists and their work. Illustrations of the works discussed accompany the texts. All volumes include an introduction by Herman Parret and an epilogue by another Lyotard expert.
=546  \\$aF / E
=490  \\$aEcrits sur l'art contemporain et les artistes / Writings on Contemporary Art and Artists$v1
=942  \\$cBOO
=952  \\$00$10$2ddc$40$6PHI_LYOT_A$70$8PHI$916513$aORPH$bORPH$cKM12_3_2$d2021-08-17$g39.00$oPHI LYOT a$p20133849$r2021-01-12 00:00:00$w2021-01-12$yBOO
=999  \\$c16493$d16493

