=LDR  01114aam a2200229   4500
=001  16494
=005  20250925143303.0
=008  150420s2001\\\\\\\\\\\\\\\\\\\\\\0\ger
=020  \\$a300007290X
=041  \\$ager
=100  \\$aStockhausen, Karlheinz$d1928-2007$4aut$1http://www.wikidata.org/entity/Q37546939$915865
=245  \\$aKarlheinz Stockhausen bei den Internationalen Ferienkursen für Neue Musik in Darmstadt 1951-1996:$bDokumente und Briefe
=260  \\$aKürten$bStockhausen-Verlag$c2001
=300  \\$a645 pages
=648  \0$a20th Century (1901-2000)$1http://www.wikidata.org/entity/Q6927$920936
=650  \0$aAvant-garde$1http://www.wikidata.org/entity/Q102932$921178
=650  \0$aCorrespondence$1http://www.wikidata.org/entity/Q1784733$921392
=650  \0$aMusic education$1http://www.wikidata.org/entity/Q27908$921766
=651  \0$aDarmstadt (Germany)$1http://www.wikidata.org/entity/Q2973$921595
=942  \\$cBOO
=952  \\$00$10$2ddc$40$6BIO_STOC_A$70$8BIO$916514$aORPH$bORPH$cKTS1_P$d2022-01-04$g99.00$l2$m1$oBIO STOC a$p20115236$q2021-09-06$r2021-03-12 00:00:00$s2021-03-12$w2021-01-12$yBOO
=999  \\$d16494

