=LDR  01305ajc a2200265   4500
=001  16495
=005  20250925143303.0
=008  180911i20082013\\\\\z\\\\\\\\\\\\0\eng\d
=020  \\$a6417513102963
=041  \\$aeng
=100  \\$4cmp$aSzymanowski, Karol$d1882-1937$1http://www.wikidata.org/entity/Q295400$918276
=245  \\$aPiano Works
=260  \\$aFinland$bAlba Records Oy$c2008; 2010; 2013
=300  \\$a4 CDs
=648  \0$a20th Century (1901-2000)$1http://www.wikidata.org/entity/Q6927$920936
=650  \0$aKeyboard music$1http://www.wikidata.org/entity/Q105715630$921412
=650  \0$aPiano$1http://www.wikidata.org/entity/Q5994$92127
=651  \0$aPoland$1http://www.wikidata.org/entity/Q36$996
=700  \\$4prf$aVehvildäinen, Anu$ePiano$918277
=942  \\$cREC
=952  \\$00$10$2ddc$3vol. I$40$70$8REC$916515$aORPH$bORPH$cKM12_2_B$d2022-07-02$p20117606$r2021-01-12 00:00:00$w2021-01-12$yREC
=952  \\$00$10$2ddc$3vol. II$40$70$8REC$916516$aORPH$bORPH$cKM12_2_B$d2022-07-02$p20117608$r2021-01-12 00:00:00$w2021-01-12$yREC
=952  \\$00$10$2ddc$3vol. III$40$70$8REC$916517$aORPH$bORPH$cKM12_2_B$d2021-01-12$r2021-01-12 00:00:00$w2021-01-12$yREC
=952  \\$00$10$2ddc$3vol. IV$40$70$8REC$916518$aORPH$bORPH$cKM12_2_B$d2022-07-02$p20117607$r2021-01-12 00:00:00$w2021-01-12$yREC
=999  \\$d16495

