=LDR  01055aam a2200193   4500
=001  16517
=005  20230123103605.0
=008  160405s2013\\\\\\\\\\\\\\\\\\\\\\0\e
=020  \\$a9780199779260
=041  \\$ae
=100  \\$aElsdon, Peter$4aut$918283
=245  \\$aKeith Jarrett's The Koln Concert
=260  \\$aOxford$bOxford university press$c2013
=300  \\$a171
=520  \\$aPresents the first detailed study of Keith Jarrett's best-selling record, The Köln Concert.
Charts the development of Keith Jarrett's solo improvisations and explores the musical construction of Cologne improvisations in particular.
Examines the reception and commercial success of the record.
Explores the musical, cultural, aesthetic, and historical facets of the record's creation, and its subsequent importance as a cultural symbol.
=490  \\$aOxford studies in recorded jazz
=942  \\$cBOO
=952  \\$00$10$2ddc$40$6BIO_JARR_E$70$8BIO$916537$aORPH$bORPH$cKTS1_P$d2021-10-19$g13.00$oBIO JARR e$p20130734$r2021-01-12 00:00:00$w2021-01-12$yBOO$Vamazon.co.uk
=999  \\$c16517$d16517

