=LDR  01976aam a2200277   4500
=001  16524
=005  20251103124736.0
=008  120524r19751979-ukg\\\\\\\\\\\\\\0\eng
=020  \\$a0193184192
=041  \\$aeng
=100  \\$aFerguson, Howard$d1908-1999$4aut$910844
=245  \\$aKeyboard Interpretation from the 14th to the 19th Century:$bAn Introduction
=260  \\$aLondon$bOxford University Press$c1979
=300  \\$a213 pages
=520  \\$aThis standard work is an introduction to the interpretation of keyboard music from the fourteenth to the nineteenth century. Dr Ferguson provides information about the instruments themselves, and discusses this vast, fascinating, and ever-changing subject under the headings: musical types and forms, tempo, phrasing and articulation, fingering, rhythmic conventions, the `tones' or modes, ornamentation, pianists' problems, and editors' problems. 
It is a clear, detailed, and practical guide to authenticity in performance which all keyboard players will find indispensable. This reissue incorporates an updated list of modern editions and a completely revised bibliography.


=648  \0$aMiddle Ages (500-1400)$1http://www.wikidata.org/entity/Q12554$920964
=648  \0$aRenaissance (1400-1600)$1http://www.wikidata.org/entity/Q4692$920965
=648  \0$a17th Century (1601-1700)$1http://www.wikidata.org/entity/Q7016$920923
=648  \0$a18th Century (1701-1800)$1http://www.wikidata.org/entity/Q7015$920899
=648  \0$a19th Century (1801-1900)$1http://www.wikidata.org/entity/Q6955$920935
=650  \0$aKeyboard instrument$1http://www.wikidata.org/entity/Q52954$92849
=650  \0$aKeyboard music$1http://www.wikidata.org/entity/Q105715630$921412
=650  \0$aMusical interpretation$1http://www.wikidata.org/entity/Q1668139$94533
=942  \\$cBOO
=952  \\$00$10$2ddc$40$6INS_3_000000000000000_2D$70$8INS$916545$aORPH$bORPH$cKTS0$d2021-10-29$g20.00$oINS3.2d$p20125994$r2021-01-12 00:00:00$w2021-01-12$yBOO
=999  \\$d16524

