=LDR  02246aam a2200241   4500
=001  16525
=005  20250225164158.0
=008  120313s1995\\\\\\\\\\\\\\\\\\\\\\0\eng
=020  \\$a9780226768144
=041  \\$aeng
=100  \\$aSomfai, László$d1934-$4aut$1http://www.wikidata.org/entity/Q442269$916254
=245  \\$aThe Keyboard Sonatas of Joseph Haydn:$bInstruments and Performance Practice, Genres and Styles
=260  \\$aChicago$bUniversity of Chicago Press$c1995
=300  \\$a384 pages
=520  \\$aInterest in the authentic performance of early music has grown dramatically in recent years, and scholarly investigation has particularly benefited the study of keyboard music of the classical period. In this landmark publication, the most comprehensive study written on Haydn's keyboard sonatas, a leading Haydn scholar presents novel ideas, corrects misconceptions, and offers new hypotheses on long-debated issues of early music research.

Laszlo Somfai begins with a thorough study of Haydn's keyboard instruments and their development. After recommending instruments appropriate for modern use, he discusses performance practice and style, explains the peculiarities of Haydn's manuscripts in the context of eighteenth-century notation, and provides specific suggestions for playing ornaments, improvising, slurring, and dynamics. He also investigates Haydn's sonata genres within their historical context and discusses the problems of establishing a chronology of their composition. Finally, Somfai analyzes the organization and style of each musical form. The book includes an index listing the sonatas by date of first publication, and an extensive bibliography.


=600  \0$aHaydn, Joseph$d1732-1809$1http://www.wikidata.org/entity/Q7349$94783
=648  \0$a18th Century (1701-1800)$1http://www.wikidata.org/entity/Q7015$920899
=650  \0$aSonata$1http://www.wikidata.org/entity/Q131269$921653
=650  \0$aKeyboard music$1http://www.wikidata.org/entity/Q105715630$921412
=650  \0$aKeyboard instrument$1http://www.wikidata.org/entity/Q52954$92849
=942  \\$cBOO
=952  \\$00$10$2ddc$40$6BIO_HAYD1_E$70$8BIO$916546$aORPH$bORPH$cKTS1_P$d2021-11-05$oBIO HAYD1 e$p20129884$r2021-01-12 00:00:00$w2021-01-12$yBOO
=999  \\$d16525

