=LDR  01237aam a2200205   4500
=001  16529
=005  20250109132722.0
=008  130423s2012\\\\\\\\\\\\\\\\\\\\\\0\dut
=020  \\$a9789040303340
=041  \\$adut
=245  \\$aKiezen voor STEM. De keuze van jongeren voor technische en wetenschappelijke studies
=260  \\$aBrussel$bVlaamse Raad voor Wetenschap en Innovatie - VRWI$c2012
=300  \\$a356 pages
=490  \\$aVRWI-studiereeks$v25
=520  \\$aEr is in Vlaanderen een tekort aan afgestudeerden op het gebied van STEM (Science Technology Engineering Math). Naar aanleiding hiervan liet de Vlaamse Raad voor Wetenschap en Innovatie een onderzoeksopdracht uitvoeren. Het hoofddoel van de studieopdracht was tweevoudig: meer inzicht krijgen in hoe de STEM-stromen precies verlopen in het Vlaamse onderwijs en buitenlandse best practices identificeren en verklaringen vinden voor de hogere uitstroom van STEM-gediplomeerden in sommige landen.
=700  \\$4aut$avan den Berghe, Wouter$918291
=700  \\$4aut$aDe Martelaere, Dirk$918292
=942  \\$cBOO
=952  \\$00$10$2ddc$3DVD$40$6MTP_4_000000000000000_BERG$70$8MTP$916550$aORPH$bORPH$cKM12_1$d2021-08-31$oMTP4 BERG$p20134322$r2021-01-12 00:00:00$w2021-01-12$yBOO
=999  \\$d16529

