=LDR  02272aam a2200253   4500
=001  16540
=005  20250925143303.0
=008  131128s2013\\\\\\\\\\\\\\\\\\\\\\0bdut\d
=020  \\$a9789087281939
=041  \\$adut
=100  \\$4edt$aPeters, Peter$918299
=245  \\$aKlankwerelden:$bDe twintigste eeuw van Reinbert de Leeuw
=260  \\$aLeiden$bLeiden Publications$c2013
=300  \\$a93 pages
=520  \\$aKlankwerelden is belangrijk voor iedereen die als luisteraar geïnteresseerd is in muziek van de twintigste eeuw of zich bezighoudt met de studie naar en uitvoering van hedendaagse muziek. Centraal staat de vraag hoe muziek te interpreteren als de uitvoerder niet kan of wil terugvallen op persoonlijke smaak of geldende conventies. Hoeveel moet een uitvoerder weten van de context waarin een componist zijn of haar muziek schrijft? Hoe kies je het juiste tempo en hoe articuleer je muziek in de tijd? Hoe maak je je als uitvoerder een voorstelling van het klankideaal van een componist? Hoe verhoud je je als uitvoerder tot de muziekgeschiedenis?

Deze vragen worden besproken aan de hand van het werk van Arnold Schönberg, Igor Stravinsky, Erik Satie, Olivier Messiaen, Pierre Boulez, György Kurtág, Galina Oestvolskaja, Claude Vivier, Mauricio Kagel en Reinbert de Leeuw zelf. De Leeuws opvattingen over de uitvoeringspraktijk van met name twintigste-eeuwse muziek komen naar voren in vele perspublicaties, maar het is de eerste keer dat zijn ideeën en inzichten betreffende uitvoeringspraktijk en herinneringen aan samenwerkingen met toonaangevende componisten in boekvorm verschijnen. Dit maakt het boek tot een uniek document.
=600  \0$aLeeuw, Reinbert de$d1938-2020$1http://www.wikidata.org/entity/Q2064128$924945
=648  \0$a20th Century (1901-2000)$1http://www.wikidata.org/entity/Q6927$920936
=650  \0$aPianist$1http://www.wikidata.org/entity/Q486748$92959
=650  \0$aConductor$1http://www.wikidata.org/entity/Q158852$93134
=650  \0$aBiography$1http://www.wikidata.org/entity/Q36279$91927
=651  \0$aNetherlands$1http://www.wikidata.org/entity/Q55$9173
=942  \\$cBOO
=952  \\$00$10$2ddc$40$6BIO_LEEU_E$70$8BIO$916561$aORPH$bORPH$cKTS1_P$d2021-10-19$oBIO LEEU  e$p20130978$r2021-01-12 00:00:00$w2021-01-12$yBOO
=999  \\$d16540

