=LDR  00750aam a2200193   4500
=001  16541
=005  20250925143303.0
=008  140905s2006\\\\gw\j\\\\\\\\\\\\\\0\ger
=020  \\$a9783656994091
=041  \\$ager
=245  \\$aKlassifizierung der Musikinstrumente nach mündlicher und schriftlicher Überlieferung
=260  \\$aNoderstedt$bExamcus$c2006
=300  \\$a16 pages
=648  \0$a19th Century (1801-1900)$1http://www.wikidata.org/entity/Q6955$920935
=648  \0$a20th Century (1901-2000)$1http://www.wikidata.org/entity/Q6927$920936
=700  \\$4aut$aLüders, Stéphanie$918300
=942  \\$cBOO
=952  \\$00$10$2ddc$40$6INS_1A$70$8INS$916562$aORPH$bORPH$cKTS0$d2021-09-28$g13.86$oINS1a$p20130159$r2021-01-12 00:00:00$w2021-01-12$yBOO
=999  \\$d16541

