=LDR  00554aam a2200169   4500
=001  16542
=005  20250128120921.0
=008  120119s1988\\\\\\\\\\\\\\\\\\\\\\0\d
=020  \\$a3890071422
=041  \\$ad
=100  \\$aDahlhaus, Carl$d1928-1989$4aut$916277
=245  \\$aKlassische und Romantische Musikästhetik
=260  \\$aLaaber$bLaaber-Verlag$c1988
=300  \\$a512
=942  \\$cBOO
=952  \\$00$10$2ddc$40$6GHM_5_000000000000000$70$8GHM$916563$aORPH$bORPH$cKM12_1$d2021-08-17$g2380.00$oGHM5$p20134955$r2021-01-12 00:00:00$w2021-01-12$yBOO
=999  \\$c16542$d16542

