=LDR  01119aam a2200241   4500
=001  16546
=005  20250912100522.0
=008  131113r19671789\\\g\\\\\\\\\\\\\\0\ger\d
=041  \\$ager
=100  \\$4aut$aTürk, Daniel Gottlob$d1750-1813$1http://www.wikidata.org/entity/Q216090$95445
=100  \\$4aut$aJacobi, Erwin Reuben$d1909-1979$918302
=245  \\$aKlavierschule
=260  \\$aKassel$bBärenreiter$c1967
=300  \\$a408 pages
=490  \\$aAssociation internationale des bibliothèques musicales = Internationale Gesellschaft für Musikwissenschaft. Documenta musicologica. Erste Reihe: Druckschriften-Faksimiles$vXXIII
=520  \\$aFaksimile-Nachdruck der 1. Ausgabe 1789.
=648  \0$a18th Century (1701-1800)$1http://www.wikidata.org/entity/Q7015$920899
=650  \0$aMethod$1http://www.wikidata.org/entity/Q2250960$921402
=650  \0$aKeyboard instrument$1http://www.wikidata.org/entity/Q52954$92849
=651  \0$aGermany$1http://www.wikidata.org/entity/Q183$9155
=942  \\$cBOO
=952  \\$00$10$2ddc$40$70$8INS$916567$aORPH$bORPH$cKTS0$d2021-01-12$l0$r2021-01-12 00:00:00$w2021-01-12$yBOO
=999  \\$d16546

