=LDR  00741aam a2200181   4500
=001  16548
=005  20250821124556.0
=008  130919|\\\\\\\\de\f\\\\\\\\\\\\\\0\ger\d
=041  \\$ager
=100  \\$aHerbst, Von Max$4aut$918303
=245  \\$aDas Klavier und seine Henker.$bBetrachtungen und Belehrungen über das Stimmen und Reparieren von Klavier
=260  \\$aFrankfurt am Main$bVerlag Das Musikinstrument
=300  \\$a19 pages
=650  \0$1http://www.wikidata.org/entity/Q899293$aOrganology$921400
=650  \0$1http://www.wikidata.org/entity/Q5994$aPiano$92127
=942  \\$cBOO
=952  \\$00$10$2ddc$40$6INS_3_000000000000000_3B$70$8INS$916569$aORPH$bORPH$cKTS0$d2023-10-04$l0$oINS3.3b$p20126024$r2021-01-12 00:00:00$w2021-01-12$yBOO
=999  \\$d16548

