=LDR  02236aam a2200193   4500
=001  16556
=005  20250120120016.0
=008  120717s2002\\\\\\\\\\\\\\\\\\\\\\0\eng
=020  \\$a0472097970
=041  \\$aeng
=100  \\$aPlotnitsky, Arkady$4aut$918308
=245  \\$aThe Knowable and the Unknowable:$bModern Science, Nonclassical Thought, and the "Two Cultures"
=260  \\$aAnn Arbor, MI$bUniversity of Michigan Press$c2002
=300  \\$a319 pages
=520  \\$aThis book investigates the relationships between modern mathematics and science (in particular, quantum mechanics) and the mode of theorizing that Arkady Plotnitsky defines as "nonclassical" and identifies in the work of Bohr, Heisenberg, Lacan, and Derrida. Plotinsky argues that their scientific and philosophical works radically redefined the nature and scope of our knowledge. Building upon their ideas, the book finds a new, nonclassical character in the "dream of great interconnections" Bohr described, thereby engaging with recent debates about the "two cultures" (the humanities and the sciences).
Plotnitsky highlights those points at which the known gives way to the unknown (and unknowable). These points are significant, he argues, because they push the boundaries of thought and challenge the boundaries of disciplinarity. One of the book's most interesting observations is that key figures in science, in order to push toward a framing of the unknown, actually retreated into a conservative disciplinarity. Plotnitsky's informed, interdisciplinary approach is more productive than the disparaging attacks on postmodernism or scientism that have hitherto characterized this discourse.
Arkady Plotnitsky is Professor of English and Director, Theory and Cultural Studies Program, Purdue University. Trained in both mathematics and literary theory, he is author of several books, including In the Shadow of Hegel: Complementarity, History and the Unconscious and Reconfigurations: Critical Theory and General Economy.
=650  \0$aPhilosophy$1http://www.wikidata.org/entity/Q5891$92357
=942  \\$cBOO
=952  \\$00$10$2ddc$40$6PHI_PLOT_A$70$8PHI$916577$aORPH$bORPH$cKM12_3_2$d2021-08-02$g70.00$oPHI PLOT a$p20132847$r2021-01-12 00:00:00$w2021-01-12$yBOO
=999  \\$d16556

