=LDR  01207aam a2200193   4500
=001  16562
=005  20250120120018.0
=008  130926s1999\\\\\\\\\\\\\\\\\\\\\\0\e
=020  \\$a9780521057271
=041  \\$aeng
=100  \\$4aut$aFeyerabend, Paul$915810
=100  \\$4Editor$aPreston, John$918316
=245  \\$aKnowledge, science and reletavism: Philosophical papers: Volume 3
=260  \\$aNew York$bCambridge University Press$c1999
=300  \\$a257
=520  \\$aThis third volume of Paul Feyerabend's philosophical papers, which gathers together work originally published between 1960 and 1980, offers a range of his characteristically exciting treatments of classic questions in the philosophy of science, including theoretical pluralism, the relationship between theory and observation, the distinction between science and myth, the role of science in society, and the vexed question of the nature of scientific method. The volume is completed by a substantial introduction and a comprehensive list of Feyerabend's works.
=942  \\$cBOO
=952  \\$00$10$2ddc$40$6PHI_FEYE_A$70$8PHI$916583$aORPH$bORPH$cKM12_3_2$d2021-08-09$g23.00$oPHI FEYE a$p20133283$r2021-01-12 00:00:00$w2021-01-12$yBOO
=999  \\$c16562$d16562

