=LDR  02197aam a2200253   4500
=001  16563
=005  20251001162234.0
=008  120223s2002\\\\\\\\\\\\\\\\\\\\\\0\dut
=020  \\$a9065541322
=041  \\$adut$heng
=100  \\$aDanto, Arthur C.$d1924-2013$4aut$1http://www.wikidata.org/entity/Q365129$918317
=245  \\$aDe komedie van de overeenkomsten:$bover kunst, filosofie en geschiedenis
=260  \\$aGroningen$bHistorische Uitgeverij$c2002
=300  \\$a347 pages
=520  \\$aDe komedie van de overeenkomsten bevat een selectie uit de invloedrijke en vruchtbare geschriften van Arthur C. Danto, fameus verkondiger van 'het einde van de kunst'. Wat gebeurt er met de kunst wanneer er geen verschil meer is tussen een kunstwerk en een voorwerp uit het dagelijkse leven? En wie bepaalt eigenlijk wat kunst is? Toen Andy Warhol in 1964 zijn Brillo-doos tentoonstelde, ervoer de filosoof Arthur Danto dit als het begin van een nieuw tijdperk van de kunstgeschiedenis. Hij heeft sindsdien als criticus en als historicus het kunstbedrijf met scherpzinnig en geestig commentaar begeleid. Zijn verhandelingen behoren tot het intelligentste dat er over het postmodernisme en de toekomst van de kunst is gezegd. Speciaal voor deze keuze uit zijn werk schreef Danto een oorspronkelijk essay als nawoord. De beschouwingen van Danto over de aard van het kunstwerk, over metafoor en stijl, geschiedenis en representatie, over het einde van de smaak, en de toekomst van de kunst zijn helder en uitermate stimulerend. De bundel is samengesteld door Frank Ankersmit en Wessel Krul; het voorwoord is van de hand van Frank Ankersmit, de vertaling van Wessel Krul.
=648  \0$a20th Century (1901-2000)$1http://www.wikidata.org/entity/Q6927$920936
=650  \0$aAesthetics$1http://www.wikidata.org/entity/Q35986$921494
=650  \0$aPhilosophy$1http://www.wikidata.org/entity/Q5891$92357
=650  \0$aHistory$1http://www.wikidata.org/entity/Q309$921403
=700  \\$4win$aAnkersmit, Frank$917804
=700  \\$4trl$aKrul, Wessel$917324
=942  \\$cBOO
=952  \\$00$10$2ddc$40$6AES_DANT$70$8AES$916584$aORPH$bORPH$cKM12_1$d2021-08-11$oAES DANT$p20133641$r2021-01-12 00:00:00$w2021-01-12$yBOO
=999  \\$d16563

