=LDR  01077aam a2200181   4500
=001  16564
=005  20230123103611.0
=008  120328s1995\\\\\\\\\\\\\\\\\\\\\\0\mul
=020  \\$a9783927327298
=041  \\$ager$aeng$afre
=100  \\$aMayer, Clara$4aut$918318
=245  \\$aKOM: Komponistinnen im Musikverlag: Women composers in publishing: Katalog lieferbarer Musikalien: Available musical catalogue
=260  \\$aKassel$bFurore$c1995
=300  \\$a275 pages
=520  \\$aDas Werk ordnet mehr als 4.000 über den Fachhandel lieferbare Noten von über 500 Komponistinnen benutzerInnenfreundlich nach Besetzungen. Eine wichtige Hilfe auf der Suche nach Werken von Komponistinnen aus Vergangenheit und Gegenwart - von der Blockflöte bis zur Oper. 
"Wer sich mit der Aufführung der Musik von Komponistinnen beschäftigt, kommt um diesen Katalog nicht herum." (dissonanz - Die neue Schweizer Musikzeitschrift)
=942  \\$cBOO
=952  \\$00$10$2ddc$40$6REF_1_000000000000000$70$8REF$916585$aORPH$bORPH$cKM12_1$d2021-08-30$oREF1$p20134057$r2021-01-12 00:00:00$w2021-01-12$yBOO
=999  \\$d16564

