=LDR  00920aam a2200229   4500
=001  16565
=005  20250120120515.0
=008  140828s1999\\\\\\\\\\\\\\\\\\\\\\0\ger
=020  \\$a9783423590655
=041  \\$ager
=100  \\$aNietzsche, Friedrich Wilhelm$d1844-1900$4aut$1http://www.wikidata.org/entity/Q9358$915868
=245  \\$aKommentar zu Band 1-13
=260  \\$aMunich$bDeutscher Taschenbuch Verlag$bde Gruyter$c1999
=300  \\$a774 pages
=490  \\$aFriedrich Nietzsche sämtliche Werke$v14
=648  \0$a19th Century (1801-1900)$1http://www.wikidata.org/entity/Q6955$920935
=650  \0$aPhilosophy$1http://www.wikidata.org/entity/Q5891$92357
=700  \\$4edt$aColli, Giorgio$922606
=700  \\$4edt$aMontinari, Mazzino$922607
=942  \\$cBOO
=952  \\$00$10$2ddc$40$6PHI_NIET_A$70$8PHI$916586$aORPH$bORPH$cKM12_3_2$d2021-08-09$g147.61$oPHI NIET a$p20133337$r2021-01-12 00:00:00$w2021-01-12$yBOO
=999  \\$d16565

