=LDR  00663aam a2200181   4500
=001  16567
=005  20250120120015.0
=008  120113s1997\\\\\\\\\\\\\\\\\\\\\\0\d
=020  \\$a351829315X
=041  \\$ager
=100  \\$aAdorno, Theodor W.$d1903-1969$4aut$1http://www.wikidata.org/entity/Q152388$915795
=245  \\$aKomposition für den Film: Der getreue Korrepetitor
=260  \\$aDarmstadt$bWissenschaftliche Buchgesellschaft$c1997
=300  \\$a406
=490  \\$aGesammelte Schriften$v15
=942  \\$cBOO
=952  \\$00$10$2ddc$40$6PHI_ADOR_A$70$8PHI$916588$aORPH$bORPH$cKM12_3_2$d2021-08-03$oPHI ADOR a$p20132901$r2021-01-12 00:00:00$w2021-01-12$yBOO
=999  \\$c16567$d16567

