=LDR  00950aam a2200193   4500
=001  16568
=005  20250925143303.0
=008  150505s2000\\\\\\\\\\\\\\\\\\\\\\0\ger
=041  \\$ager
=100  \\$aStockhausen, Karlheinz$d1928-2007$4aut$1http://www.wikidata.org/entity/Q37546939$915865
=245  \\$aKomposition-kurs über Sirius: $bElektronische Musik und Trompete, Sopran, Baßklarinette, Baß (1975-77)
=260  \\$aKürten$bStockhausen Verlag$c2000
=300  \\$a48 pages
=520  \\$aSpecial facsimile edition printed for the composition seminar of the Stockhausen Courses
Kuerten 2000 with sketches and explanations of SIRIUS
=648  \0$a20th Century (1901-2000)$1http://www.wikidata.org/entity/Q6927$920936
=650  \0$aComposing$1http://www.wikidata.org/entity/Q92186587$93076
=942  \\$cBOO
=952  \\$00$10$2ddc$40$6TRE_STOC$70$8TRE$916589$aORPH$bORPH$cKTS1_H$d2021-10-18$oTRE STOC$p20134248$r2021-01-12 00:00:00$w2021-01-12$yBOO
=999  \\$d16568

