=LDR  01589aam a2200229   4500
=001  16586
=005  20250120120620.0
=008  150915s2011\\\\\\\ad\\\\\\\\\\\\\0\ger\d
=020  \\$a9783837616170
=041  \\$ager
=100  \\$4edt$aTröndle, Martin$918323
=245  \\$aDas Konzert.$bNeue Aufführungskonzepte für eine klassische Form
=250  \\$a2nd ed.
=260  \\$aBielefeld$bTranscript$c2011
=300  \\$a398 pages
=490  \\$aKultur- und Museumsmanagement
=520  \\$aAnalysiert man die Entwicklung der Publikumszusammensetzung der klassischen Musik, sind seit Mitte der 90er Jahre zwei Trends dominant: Der Markt wird stetig älter und kleiner. Das Konzert verliert als ästhetische und als soziale Institution an Relevanz. Ein Blick in die Geschichte des Konzertwesens zeigt, dass dieser Entwicklung mit veränderten Darbietungsformen entgegengesteuert werden kann. Das bedeutet: Damit das Konzert wieder an Attraktivität gewinnen kann, muss es sich wandeln. Namhafte Autorinnen und Autoren aus Musikwissenschaft und Musikwirtschaft, aus Soziologie, Ökonomie und den Kulturwissenschaften geben in diesem Band Anstöße und Beispiele für neue Aufführungskonzepte, mit denen die Kunstform »Konzert« zeitgemäß weiterentwickelt werden kann.
=650  \0$aConcert$1http://www.wikidata.org/entity/Q182832$921044
=650  \0$aSociology$1http://www.wikidata.org/entity/Q21201$924938
=942  \\$cBOO
=952  \\$00$10$2ddc$40$6AES_TRON$70$8AES$916607$aORPH$bORPH$cKM12_1$d2012-04-26$g30.65$l2$oAES TRON$p20135354$r2024-02-12 00:00:00$s2024-01-09$w2021-01-12$yBOO
=999  \\$d16586

