=LDR  01709aam a2200241   4500
=001  16588
=005  20250227143718.0
=008  150513s2013\\\\\\\\\\\\\\\\\\\\\\0\ger\d
=020  \\$a9783837624779
=041  \\$ager
=245  \\$aKorporale Performanz:$bZur bedeutungsgenerierenden Dimension des Leibes
=260  \\$aBielefeld$bTranscript$c2013
=300  \\$a267 pages
=520  \\$aWie lässt sich die Verbindung zwischen Leiblichkeit und der Konstitution kultureller Bedeutungen denken? Die Beiträge des Bandes reichen von begrifflichen Überlegungen zu den Körpern über die Einbeziehung der Psychosomatik zu jenen Körperpraktiken, welche die akademische Praxis selbst mitbestimmen. Der Vielfalt von Blickwinkeln gemeinsam ist die Aufmerksamkeit für den Körper als Ausgangspunkt und sinnstiftendes Medium wissenschaftlichen Denkens, Vortragens und Schreibens. Künstlerische Formen wie die Lecture-Performance geraten ebenso in den Blick wie die Frage, ob sich die Philosophie in der Perspektive der Korporalen Performanz selbst als eine Form leiblicher Kreativität enthüllt.
=648  \0$a21st Century (2001-2100)$1http://www.wikidata.org/entity/Q6939$920812
=650  \0$aCorporeality$1http://www.wikidata.org/entity/Q101490283$921406
=650  \0$aPerformance$1http://www.wikidata.org/entity/Q6942562$926223
=700  \\$aBöhler, Arno$1http://www.wikidata.org/entity/Q694172$4edt$918324
=700  \\$aHerzog, Christian$4edt$918325
=700  \\$aPechriggl, Alice$1http://www.wikidata.org/entity/Q112449011$4edt$918326
=942  \\$cBOO
=952  \\$00$10$2ddc$40$6PHI_BOHL_A$70$8PHI$916609$aORPH$bORPH$cKM12_3_2$d2021-08-11$g29.00$oPHI BOHL a$p20133604$r2021-01-12 00:00:00$w2021-01-12$yBOO
=999  \\$d16588

