=LDR  01010aam a2200193   4500
=001  16590
=005  20250109132722.0
=008  140310s2007\\\\\\\\\\\\\\\\\\\\\\0\i
=020  \\$a9788883023163
=041  \\$ai
=100  \\$aRostagno, Antonio$4aut$918328
=245  \\$aKreisleriana di Robert Schumann
=260  \\$aPalermo$bL'epos$c2007
=300  \\$a244
=520  \\$aI Kreisleriana op. 16 di Robert Schumann (1810-1856), per pianoforte, sono otto fantasie ispirate a un personaggio nato dalla penna di E.T.A. Hoffman, il direttore d orchestra Johannes Kreisler, autentico emblema del Romanticismo. Un opera capitale dell Ottocento pianistico letta in dettaglio per renderne facilmente accessibili le caratteristiche formali e poterle meglio apprezzare nella ricca discografia.
=490  \\$aQuadri di un' esposizione$v1
=942  \\$cBOO
=952  \\$00$10$2ddc$40$6BIO_SCHU2_E$70$8BIO$916611$aORPH$bORPH$cKTS1_P$d2021-10-19$g25.00$oBIO SCHU2 e$p20129885$r2021-01-12 00:00:00$w2021-01-12$yBOO$Vamazon.de
=999  \\$c16590$d16590

