=LDR  01098aam a2200169   4500
=001  16592
=005  20250120120102.0
=008  120306s2004\\\\\\\\\\\\\\\\\\\\\\0\\\\
=020  \\$a9789053527023
=100  \\$aKant, Immanuel$d1724-1804$4aut$1http://www.wikidata.org/entity/Q9312$917146
=245  \\$aKritiek van de zuivere rede
=260  \\$aAmsterdam$bBoom$c2004
=300  \\$a689
=520  \\$aDe Kritik der reinen Vernunft (Kritiek van de zuivere rede) is het eerste grote werk van de Duitse filosoof Immanuel Kant. Hij schreef het op 57-jarige leeftijd in 1781. Met de Kritik der reinen Vernunft wilde Kant de grote filosofische tegenstelling uit zijn tijd te boven komen: aan de ene kant de empiristen zoals Hume en aan de andere kant de rationalisten zoals Descartes. Verder wilde hij verklaren hoe Newton onveranderlijke natuurwetten uit veranderlijke waarnemingen wist af te leiden. Hume had aangetoond dat dat niet kon.


=942  \\$cBOO
=952  \\$00$10$2ddc$40$6PHI_KANT_A$70$8PHI$916613$aORPH$bORPH$cKM12_3_2$d2021-08-02$oPHI KANT a$p20132819$r2021-01-12 00:00:00$w2021-01-12$yBOO
=999  \\$c16592$d16592

