=LDR  02100aam a2200265   4500
=001  16600
=005  20250120120015.0
=008  160224s2015\\\\\\\\\\\\\\\\\\\\\\0\ger
=020  \\$a9783037348802
=041  \\$ager
=245  \\$aKünstlerische Forschung:$bEin Handbuch
=260  \\$aZürich$bDiaphanes$c2015
=300  \\$a344 pages
=520  \\$aDie Debatte um »Künstlerische Forschung« hat einen hohen Grad an Differenzierung erreicht, sei es in ihrer allgemeinen, theorieorientierten Dimension, sei es auf der Ebene der Praxis des künstlerischen Forschens selbst. Alles deutet darauf hin, dass sich die Künstlerische Forschung an der Schwelle zu einer Institutionalisierung befindet. Ziel des Bandes ist es nicht nur, eine Bestandsaufnahme der unterschiedlichen Frage- und Themenstellungen zu erstellen, sondern auch jene Kontroversen abzubilden, aufgrund derer man den Prozess einer vorschnellen »Disziplinierung« der künstlerischen Forschung kritisch betrachten mag. Entlang einiger Leitfragen (Auf welche Art von Erkenntnis zielt künstlerischer Forschung und in welchem Verhältnis stehen diese zu anderen Formen der Erkenntnisbildung? Was ist das Spezifikum im Vorgehen künstlerischen Forschens? In welche Rahmenbedingungen historischer, institutioneller, politischer Art ist der derzeitige Diskurs zur künstlerischen Forschung eingebettet; welche Rolle spielen hier Kunsthochschulen, Forschungs- und Kunstförderung?) entwirft der Band eine Topographie des gesamten Feldes der Debatte um künstlerische Forschung.
=650  \0$aArtistic research$1http://www.wikidata.org/entity/Q20827087$921804
=700  \\$4ctb$aBadura, Jens$918333
=700  \\$4ctb$aDubach, Selma$918334
=700  \\$4ctb$aHaarman, Anke$918335
=700  \\$4ctb$aRey, Anton$918336
=700  \\$4ctb$aMersch, Dieter$915801
=700  \\$4ctb$aSchenker, Christopher$918337
=700  \\$4ctb$aPérez, Germán Toro$918338
=942  \\$cBOO
=952  \\$00$10$2ddc$40$6REF_2_000000000000000_BADU$70$8REF$916621$aORPH$bORPH$cKM12_1$d2021-08-23$g39.00$oREF2 BADU$p20131210$r2021-01-12 00:00:00$w2021-01-12$yBOO
=999  \\$d16600

